3058 4908
467 300 678 354 emuncrro
698 301 991 354 necrus-ruam.
1194 293 1256 358 231

203 445 329 524 fefellit
356 475 423 525 sua
449 475 545 549 spes,
564 453 641 549 jam
659 451 756 526 enim
782 477 826 524 ex
851 451 907 525 his
933 451 1158 549 temporibus
1184 477 1258 527 cer·

202 567 333 644 liorem
357 575 396 642 et
423 568 643 643 stabiliorem
669 569 846 643 habemus
864 568 1036 646 Historiae
1061 569 1259 660 rationem;

203 687 267 760 sed
294 685 372 760 sine
401 685 591 760 literarum
620 697 657 760 et
688 687 908 784 scriptorum
937 700 1261 762 monumentorum

203 827 273 902 ope
303 825 422 902 neque
454 803 571 902 ipsius
603 803 753 900 Trojani
780 803 865 876 belli
899 827 1017 900 neque
1048 811 1261 878 caeterarum

202 919 367 1014 ejusdem
391 919 460 993 aevi
484 943 607 994 rerum
632 925 670 993 et
700 943 938 1016 personarum
966 919 1140 994 memoria
1165 933 1262 995 stare

202 1036 397 1132 potuisset.
434 1035 586 1109 Initium
599 1046 676 1110 erat
692 1035 817 1130 itaque
830 1034 1002 1110 Historiae
1014 1036 1126 1133 Epicu
1142 1037 1262 1134 poesis

203 1175 289 1224 cum
314 1159 457 1226 tantam
485 1176 607 1226 rerum
634 1151 762 1226 seriem
789 1151 955 1226 versibus
985 1153 1262 1250 consignaverit.

205 1267 307 1352 Quin
335 1279 372 1344 et
406 1293 451 1342 ex
477 1267 634 1359 ‚Homeri
665 1267 885 1343 carminibus
919 1294 1039 1344 mores
1073 1281 1112 1343 et
1142 1271 1264 1344 studia

204 1384 417 1460 Graecorum
435 1385 554 1458 efficta
576 1385 689 1458 fuisse
706 1385 888 1474 videntur,
908 1387 998 1460 dum
1023 1387 1087 1459 illa
1105 1389 1264 1484 exempli

203 1502 284 1576 loco
301 1511 387 1576 ante
404 1505 531 1577 oculos
545 1503 739 1591 habebant,
754 1512 791 1576 et
809 1501 944 1576 sensim
963 1504 1001 1576 in
1014 1503 1129 1577 vitam
1147 1511 1263 1579 trans·

203 1619 377 1694 ferebant.
431 1619 665 1694 Recentiores
691 1624 787 1692 cerbe
818 1619 1061 1694 Athenienses
1092 1645 1165 1694 non
1199 1623 1260 1696 ob-

204 1761 310 1811 scura
332 1737 532 1810 referebant
557 1737 655 1810 illius
680 1735 819 1832 peritiae
843 1740 880 1809 et
907 1737 1084 1834 expeditae
1109 1741 1265 1830 solertiae

205 1854 399 1950 imaginem
423 1879 532 1951 quam
554 1853 770 1928 Menestheo
788 1853 1071 1928 Atheniensium
1092 1856 1177 1933 duci
1199 1859 1263 1931 tri·

179 1955 286 2044 'buit
317 1971 500 2044 Homerus
513 2003 522 2059 ;
553 1971 624 2044 illis
655 1969 885 2046 deferebatur
918 1974 1042 2069 palma
1070 1974 1190 2072 siquid
1219 1997 1265 2047 ex

204 2111 305 2160 mera
322 2087 511 2184 disciplina
534 2095 600 2161 aut
622 2089 712 2161 artis
738 2087 936 2161 calliditate
956 2099 1103 2164 strenue
1120 2100 1158 2164 et
1175 2115 1265 2188 gna·

204 2203 299 2276 viter
321 2205 503 2300 agendum
525 2209 642 2291 esset3
674 2204 727 2277 illi
749 2203 787 2277 in
812 2205 920 2278 rebus
947 2206 1114 2296 nauticis,
1127 2182 1177 2280 'in
1200 2231 1265 2304 op-

206 2321 410 2418 pugnandis
433 2323 559 2396 castris
584 2329 623 2394 et
639 2321 790 2395 urbibus
811 2321 984 2419 praecipui
1008 2328 1126 2411 erant,
1144 2331 1182 2398 et
1199 2349 1265 2399 cae-

206 2438 293 2512 teris
323 2437 418 2511 viam
452 2439 792 2534 praemonstrabant.
843 2438 982 2512 Vereor
1011 2439 1157 2536 quidem
1188 2442 1266 2517 haec

207 2554 329 2628 omnia
342 2555 506 2628 Homero
521 2555 700 2639 tribuere3
720 2560 866 2628 constat
878 2563 1002 2628 tamen
1016 2556 1086 2629 hoc
1103 2558 1182 2652 ejus
1195 2565 1265 2632 tes·

208 2672 402 2745 timonium
429 2673 600 2746 omnibns
627 2674 664 2746 in
683 2695 745 2744 ore
770 2671 894 2758 finisse,
913 2677 951 2744 et
974 2673 1132 2768 publicis
1157 2675 1264 2750 rebus

207 2813 247 2862 se
264 2788 514 2866 immiscuisse.
568 2787 650 2862 Hoc
676 2789 744 2862 sibi
769 2796 1028 2886 argumentum
1046 2791 1263 2880 babuerunt,

207 2904 335 3004 quiin
361 2906 520 2979 maximo
548 2904 698 2979 Graeciae
725 2904 888 3002 periculo
916 2905 1057 2980 solenni
1085 2908 1264 3003 legatione

208 3021 387 3098 Gelonem
404 3022 571 3096 adierunt
581 3033 608 3096 ¹².
661 3023 747 3120 Ipsa
765 3022 879 3097 ctiam
896 3023 1023 3098 civitas
1041 3025 1187 3122 publico
1205 3028 1265 3100 de·

208 3151 320 3228 creto,
350 3164 436 3213 cum
463 3139 629 3244 Cimonis
657 3140 827 3215 victorias
856 3141 896 3215 in
922 3167 986 3216 ora
1013 3143 1176 3218 Thraciae
1205 3169 1264 3219 co·

208 3257 335 3330 lumna
356 3264 395 3330 et
418 3257 657 3354 inscriptione
674 3258 863 3332 donandas
884 3241 963 3333 esse
988 3261 1164 3350 censuit⁰,
1187 3261 1264 3336 Ηο-

211 3375 301 3448 meri
329 3397 458 3448 versus
487 3373 624 3462 citavit,
656 3381 694 3447 et
721 3399 766 3448 ex
793 3374 837 3448 iis
868 3375 936 3449 sibi
963 3377 1109 3451 laudem
1140 3379 1260 3454 struit.

163 3531 167 3538 ·
209 3491 338 3588 Argivi
371 3490 481 3565 etiam
514 3499 593 3564 tam
626 3490 665 3564 in
693 3491 839 3566 Persico
874 3517 985 3589 quam
1018 3496 1056 3565 in
1085 3493 1261 3590 Pelopon-

209 3609 354 3682 nesiaco
371 3608 466 3682 bello
493 3633 579 3682 eum
601 3608 669 3682 sibi
695 3609 941 3705 principatum
966 3635 1125 3684 asserere
1142 3613 1263 3686 volue-

208 3735 308 3813 runt,
326 3726 390 3823 qui
415 3726 454 3798 in
472 3724 624 3797 Homeri
650 3726 877 3822 temporibus
896 3727 1162 3822 Agamemnoni
1189 3731 1265 3825 regi

208 3867 276 3917 suo
294 3842 434 3918 delatus
452 3847 557 3930 est⁹3
584 3866 679 3914 vano
698 3842 845 3938 quidem
862 3843 915 3916 illi
939 3849 976 3916 et
998 3842 1100 3917 irrito
1118 3852 1263 3932 conatu,

207 3985 276 4036 nec
300 3971 424 4034 tamen
449 3960 559 4033 toties
585 3981 651 4056 spe
676 3960 860 4033 deturbati
885 3984 908 4033 a
932 3949 1087 4036 consilio
1113 3961 1264 4036 absiste-

248 4163 262 4187 ¹⁵
284 4153 407 4219 Herod„
420 4150 440 4210 l.
457 4149 505 4208 vii.
522 4169 546 4209 c.
564 4167 627 4227 ¹5¹·
755 4150 895 4230 sipboat„
908 4171 932 4210 c.
947 4151 995 4209 62.

249 4242 262 4272 ⁰
282 4231 350 4290 vid.
373 4229 528 4290 Plutarch.
551 4229 608 4288 Vit.
634 4227 717 4298 Ciam,
786 4239 809 4286 .¹’
828 4231 951 4298 Herod„
964 4230 984 4290 l.
1000 4229 1049 4290 vii.
1065 4251 1090 4292 c.
1110 4237 1173 4308 138,
1192 4235 1263 4308 &oq

210 4319 239 4372 ct
255 4311 407 4371 AEsollinis
427 4313 510 4370 Orat.
532 4317 635 4370 contra
653 4309 717 4370 ote·
760 4311 898 4390 Thucyd„
914 4310 934 4370 l.
950 4331 976 4372 v.
