3058 4908
283 311 348 374 260
431 304 438 318 '
543 323 756 373 affirnorro
777 324 1076 386 acorna-curura,

334 473 375 546 L.
399 477 456 548 18.
484 473 568 548 Jam
584 499 670 548 vero
696 475 828 549 nuncio
854 476 925 550 hoc
949 477 996 549 ad
1012 475 1192 550 Achillem
1218 475 1330 549 allato

282 592 448 687 protinus
464 591 517 664 ira
533 593 612 688 ejus
629 593 667 664 in
684 593 854 666 vindictae
871 619 972 691 spem
989 594 1097 668 cedit.
1132 593 1331 688 Agamem-

281 708 386 781 nonis
404 709 535 804 injuria
547 709 623 804 jam
641 709 744 782 nihili
761 722 816 784 est
832 735 907 807 prae
925 711 1085 784 Hectore
1101 711 1146 784 de
1163 710 1331 784 Patroclo

281 824 504 921 triumphum
534 835 662 920 agente
691 835 729 898 et
762 825 799 898 in
830 825 960 899 Pelidis
990 826 1099 898 armis
1129 828 1329 900 exultante.

281 939 360 1014 Nec
389 966 474 1014 vero
504 966 579 1013 nou
607 942 751 1015 fatalem
781 967 890 1017 suum
917 967 1072 1016 errorem
1101 943 1265 1039 agnoscit
1293 949 1332 1016 et

281 1057 436 1154 graviter
452 1059 617 1155 deplorat
628 1092 688 1131 :-

413 1209 608 1284 Ὦςὲριςέκτε
622 1211 687 1266 θεῶν
700 1212 728 1265 ἔκ
741 1210 764 1266 τ’
777 1210 919 1284 trapam
931 1212 1064 1275 ἀπόλοιτο,

416 1310 464 1362 Kal
476 1311 567 1380 χόλος,
579 1307 608 1365 ὅς
620 1307 644 1363 τ’
658 1308 753 1380 ipim
765 1307 921 1380 πολύφρονά
933 1330 983 1381 περ
995 1309 1141 1380 χαλεπῆναι
1147 1313 1171 1362 l.

185 1548 190 1556 ¹
282 1461 372 1536 Haec
390 1463 485 1537 enim
502 1473 558 1538 est
575 1465 638 1537 illa
654 1453 816 1560 ἁμαρτία
830 1450 991 1556 μεγάλη,
1005 1445 1149 1559 ἦμυρῖ’
1163 1453 1331 1558 Ἀχαιοῖς

283 1583 387 1687 ἄλγε’
401 1585 540 1686 ἔθηκεν,
554 1619 633 1693 qnae
646 1605 682 1669 et
699 1594 819 1690 ipsum
837 1593 1021 1667 carissimo
1039 1593 1156 1666 amico
1174 1594 1329 1681 orbavit,

281 1709 320 1782 in
348 1735 419 1807 qua
452 1711 563 1806 igitur
590 1713 803 1809 exponenda
832 1719 911 1785 tota
940 1711 1025 1784 llias
1052 1715 1227 1796 versatur,
1255 1734 1330 1806 quo

281 1828 411 1900 melius
429 1829 605 1902 discerent
630 1829 766 1925 posteri
791 1828 857 1901 sibi
874 1837 1077 1924 temperare
1102 1833 1139 1901 et
1163 1827 1329 1920 ingentes

281 1943 430 2040 spiritus
447 1969 685 2042 compescere.
737 1945 848 2018 Nunc
870 1945 981 2042 igitur
997 1943 1252 2018 declarandum
1272 1953 1330 2016 est

281 2061 368 2156 quid
391 2063 532 2159 possint
551 2063 668 2136 Graeci
692 2063 761 2136 sub
778 2063 932 2136 Achillis
950 2063 1065 2134 ductu
1082 2071 1119 2134 et
1143 2060 1327 2157 auspiciis.

280 2179 409 2276 Itaque
431 2181 554 2254 omnia
579 2180 702 2254 statim
728 2182 774 2254 ad
798 2180 1100 2254 commovendum
1127 2187 1164 2252 et
1191 2177 1329 2274 erigen-

281 2295 369 2370 dum
398 2296 560 2372 Lectoris
589 2300 750 2372 animum
784 2307 1047 2395 comparantur.
1110 2297 1214 2370 Illius
1240 2321 1329 2371 voce

279 2418 430 2513 longum
452 2428 634 2491 certamen
654 2417 844 2491 dirimitur.
897 2415 954 2488 De
969 2415 1137 2488 vindictae
1159 2413 1329 2510 cupidine

280 2539 318 2606 et
343 2535 388 2607 de
409 2534 494 2610 vitae
519 2543 745 2632 contemptu,
763 2559 848 2608 cum
873 2533 939 2606 lati
964 2531 1020 2605 sui
1044 2531 1327 2630 haudquaquam

280 2650 422 2725 nescius
440 2652 497 2740 sit,
517 2654 642 2727 crebra
658 2650 874 2749 interjicitur
889 2651 1036 2723 mentio.
1079 2649 1203 2722 Addas
1220 2647 1328 2746 Poly-

280 2769 458 2843 damantis
484 2770 677 2844 consilium
704 2794 776 2866 quo
802 2769 976 2864 Trojanos
1006 2769 1102 2840 intra
1127 2768 1264 2840 moenia
1287 2791 1327 2840 se

279 2886 435 2984 recipere
460 2889 638 2976 hortatur,
657 2895 767 2982 atque
793 2911 895 2960 arma
916 2884 1032 2959 Heroi
1057 2886 1104 2958 ab
1129 2887 1210 2982 ipso
1234 2883 1327 2958 Vul-

279 3025 371 3075 cano
388 3003 571 3077 fabricata.

329 3118 440 3196 L.l9.
465 3119 547 3194 Nec
558 3147 644 3195 vero
657 3122 776 3195 adhuc
788 3120 952 3219 praeludii
964 3120 1051 3194 satis
1064 3131 1132 3194 est.
1161 3117 1328 3192 Solennis

279 3234 404 3308 concio
421 3237 574 3312 habetur
591 3239 629 3311 in
647 3263 718 3336 qua
738 3239 826 3312 iram
844 3263 949 3311 suam
969 3235 1135 3333 repudiat
1150 3235 1325 3322 Achilles,

278 3359 316 3424 et
327 3351 577 3450 Agamemnon
595 3356 761 3451 injuriam
778 3355 829 3428 illi
845 3357 989 3429 allatam
1004 3360 1154 3428 excusat
1170 3360 1208 3425 et
1221 3353 1327 3426 donis

279 3481 505 3566 compensat;
525 3497 611 3546 mox
625 3473 734 3546 sacris
747 3472 877 3546 habitis
892 3471 1024 3546 milites
1037 3494 1187 3567 corpora
1198 3479 1328 3544 curant

278 3600 316 3662 et
338 3588 466 3663 deinde
490 3591 537 3664 ad
561 3615 722 3687 pugnam
748 3615 786 3663 se
816 3596 1004 3687 apparant.
1056 3587 1217 3678 Achilles
1247 3589 1329 3685 ipse

280 3706 458 3780 Vulcania
481 3732 580 3782 arma
604 3709 768 3782 induitur
792 3713 830 3780 et
858 3708 1002 3780 basum
1020 3706 1167 3778 Pallada
1182 3703 1328 3778 vibrans

277 3847 425 3898 currum
442 3826 615 3914 ascendit,
634 3849 701 3899 nec
716 3849 802 3899 vero
826 3823 903 3898 sine
922 3823 1087 3921 prodigio
1108 3823 1147 3895 in
1163 3845 1328 3919 pugnam

278 3941 361 4014 erit.

327 4057 369 4130 L.
388 4060 448 4131 20.
476 4059 549 4133 Sed
571 4070 607 4134 et
624 4059 686 4132 Dii
711 4059 822 4133 etiam
840 4058 878 4130 in
903 4057 974 4130 hoc
998 4061 1180 4130 certamen
1206 4079 1327 4128 accer-

276 4173 379 4246 sendi
395 4181 494 4264 sunt,
511 4183 622 4274 atque
644 4177 733 4251 adeo
752 4173 903 4250 concilio
926 4174 1051 4248 habito
1072 4173 1118 4248 ab
1134 4173 1215 4270 ipso
1230 4171 1327 4246 Jove

687 4375 699 4408 ¹
718 4364 761 4424 Il.
777 4377 805 4425 Σ.
826 4383 891 4445 ¹07·
