<?xml version="1.0" encoding="UTF-8"?>
<!DOCTYPE html PUBLIC "-//W3C//DTD XHTML 1.0 Transitional//EN"
    "http://www.w3.org/TR/xhtml1/DTD/xhtml1-transitional.dtd">
<html xmlns="http://www.w3.org/1999/xhtml" xml:lang="en" lang="en">
 <head>
  <title>
</title>
<meta http-equiv="Content-Type" content="text/html;charset=utf-8" />
  <meta name='ocr-system' content='tesseract 3.04.00' />
  <meta name='ocr-capabilities' content='ocr_page ocr_carea ocr_par ocr_line ocrx_word'/>
</head>
<body>
  <div class='ocr_page' id='page_1' title='image "./prlectionesacad00randgoog_0174.png"; bbox 0 0 3094 4898; ppageno 0'>
   <div class='ocr_carea' id='block_1_1' title="bbox 287 288 1010 352">
    <p class='ocr_par' dir='ltr' id='par_1_1' title="bbox 287 288 1010 352">
     <span class='ocr_line' id='line_1_1' title="bbox 287 288 1010 352; baseline 0 -6"><span class='ocrx_word' id='word_1_1' title='bbox 287 288 354 352; x_wconf 77' lang='lat'><strong>164</strong></span> <span class='ocrx_word' id='word_1_2' title='bbox 620 296 834 346; x_wconf 70' lang='lat' dir='ltr'><strong>anrucrro</strong></span> <span class='ocrx_word' id='word_1_3' title='bbox 859 298 1010 346; x_wconf 77' lang='lat' dir='ltr'><strong>nucrur.</strong></span> 
     </span>
    </p>
   </div>
   <div class='ocr_carea' id='block_1_2' title="bbox 286 447 1468 546">
    <p class='ocr_par' dir='ltr' id='par_1_2' title="bbox 286 447 1468 546">
     <span class='ocr_line' id='line_1_2' title="bbox 286 447 1468 546; baseline 0.003 -24"><span class='ocrx_word' id='word_1_4' title='bbox 286 448 530 546; x_wconf 89' lang='lat' dir='ltr'><strong>provehimur.</strong></span> <span class='ocrx_word' id='word_1_5' title='bbox 583 449 677 545; x_wconf 87' lang='lat' dir='ltr'><strong>lpsae</strong></span> <span class='ocrx_word' id='word_1_6' title='bbox 700 473 769 536; x_wconf 87' lang='lat' dir='ltr'><strong>res,</strong></span> <span class='ocrx_word' id='word_1_7' title='bbox 792 447 880 545; x_wconf 87' lang='lat' dir='ltr'><strong>ipsae</strong></span> <span class='ocrx_word' id='word_1_8' title='bbox 903 450 1070 524; x_wconf 88' lang='lat' dir='ltr'><strong>notiones</strong></span> <span class='ocrx_word' id='word_1_9' title='bbox 1096 457 1231 524; x_wconf 76' lang='lat' dir='ltr'><strong>nostrae</strong></span> <span class='ocrx_word' id='word_1_10' title='bbox 1251 451 1346 524; x_wconf 84' lang='lat' dir='ltr'><strong>inter</strong></span> <span class='ocrx_word' id='word_1_11' title='bbox 1463 497 1468 504; x_wconf 94' lang='lat'><strong>·</strong></span> 
     </span>
    </p>
   </div>
   <div class='ocr_carea' id='block_1_3' title="bbox 285 566 1344 1012">
    <p class='ocr_par' dir='ltr' id='par_1_3' title="bbox 285 566 1344 1012">
     <span class='ocr_line' id='line_1_3' title="bbox 286 566 1344 654; baseline 0.001 -15"><span class='ocrx_word' id='word_1_12' title='bbox 286 591 325 639; x_wconf 87' lang='lat' dir='ltr'><strong>se</strong></span> <span class='ocrx_word' id='word_1_13' title='bbox 343 566 468 640; x_wconf 90' lang='lat' dir='ltr'><strong>multis</strong></span> <span class='ocrx_word' id='word_1_14' title='bbox 487 567 600 640; x_wconf 93' lang='lat' dir='ltr'><strong>modis</strong></span> <span class='ocrx_word' id='word_1_15' title='bbox 614 567 861 654; x_wconf 90' lang='lat' dir='ltr'><strong>consentiunt,</strong></span> <span class='ocrx_word' id='word_1_16' title='bbox 873 591 1106 640; x_wconf 91' lang='lat' dir='ltr'><strong>communem</strong></span> <span class='ocrx_word' id='word_1_17' title='bbox 1120 567 1256 641; x_wconf 89' lang='lat' dir='ltr'><strong>habent</strong></span> <span class='ocrx_word' id='word_1_18' title='bbox 1269 592 1344 640; x_wconf 87' lang='lat' dir='ltr'><strong>ma·</strong></span> 
     </span>
     <span class='ocr_line' id='line_1_4' title="bbox 285 683 1342 772; baseline 0.004 -17"><span class='ocrx_word' id='word_1_19' title='bbox 285 684 412 756; x_wconf 87' lang='lat' dir='ltr'><strong>teriem</strong></span> <span class='ocrx_word' id='word_1_20' title='bbox 436 683 475 756; x_wconf 92' lang='lat' dir='ltr'><strong>in</strong></span> <span class='ocrx_word' id='word_1_21' title='bbox 492 684 616 756; x_wconf 87' lang='lat' dir='ltr'><strong>multis</strong></span> <span class='ocrx_word' id='word_1_22' title='bbox 637 683 799 756; x_wconf 87' lang='lat' dir='ltr'><strong>eandem.</strong></span> <span class='ocrx_word' id='word_1_23' title='bbox 854 683 951 759; x_wconf 87' lang='lat' dir='ltr'><strong>Quid</strong></span> <span class='ocrx_word' id='word_1_24' title='bbox 968 685 1059 758; x_wconf 87' lang='lat' dir='ltr'><strong>adeo</strong></span> <span class='ocrx_word' id='word_1_25' title='bbox 1085 685 1123 758; x_wconf 92' lang='lat' dir='ltr'><strong>in</strong></span> <span class='ocrx_word' id='word_1_26' title='bbox 1141 709 1252 758; x_wconf 86' lang='lat' dir='ltr'><strong>causa</strong></span> <span class='ocrx_word' id='word_1_27' title='bbox 1274 696 1342 772; x_wconf 78' lang='lat' dir='ltr'><strong>est,</strong></span> 
     </span>
     <span class='ocr_line' id='line_1_5' title="bbox 285 797 1344 899; baseline 0 -25"><span class='ocrx_word' id='word_1_28' title='bbox 285 825 350 874; x_wconf 89' lang='lat' dir='ltr'><strong>cur</strong></span> <span class='ocrx_word' id='word_1_29' title='bbox 375 825 451 874; x_wconf 96' lang='lat' dir='ltr'><strong>non</strong></span> <span class='ocrx_word' id='word_1_30' title='bbox 467 797 505 873; x_wconf 80' lang='lat' dir='ltr'><strong>et&#39;</strong></span> <span class='ocrx_word' id='word_1_31' title='bbox 530 825 655 874; x_wconf 89' lang='lat' dir='ltr'><strong>earum</strong></span> <span class='ocrx_word' id='word_1_32' title='bbox 682 801 847 897; x_wconf 88' lang='lat' dir='ltr'><strong>symbola</strong></span> <span class='ocrx_word' id='word_1_33' title='bbox 872 801 1016 873; x_wconf 83' lang='lat' dir='ltr'><strong>easdem</strong></span> <span class='ocrx_word' id='word_1_34' title='bbox 1042 801 1174 874; x_wconf 87' lang='lat' dir='ltr'><strong>habere</strong></span> <span class='ocrx_word' id='word_1_35' title='bbox 1200 802 1344 899; x_wconf 82' lang='lat' dir='ltr'><strong>possint</strong></span> 
     </span>
     <span class='ocr_line' id='line_1_6' title="bbox 285 915 1342 1012; baseline 0.002 -23"><span class='ocrx_word' id='word_1_36' title='bbox 285 917 552 999; x_wconf 81' lang='lat' dir='ltr'><strong>similitudines,</strong></span> <span class='ocrx_word' id='word_1_37' title='bbox 577 928 614 991; x_wconf 88' lang='lat' dir='ltr'><strong>et</strong></span> <span class='ocrx_word' id='word_1_38' title='bbox 643 915 721 1012; x_wconf 90' lang='lat' dir='ltr'><strong>pari</strong></span> <span class='ocrx_word' id='word_1_39' title='bbox 750 915 844 988; x_wconf 87' lang='lat' dir='ltr'><strong>inter</strong></span> <span class='ocrx_word' id='word_1_40' title='bbox 869 940 909 988; x_wconf 88' lang='lat' dir='ltr'><strong>se</strong></span> <span class='ocrx_word' id='word_1_41' title='bbox 935 916 1083 990; x_wconf 89' lang='lat' dir='ltr'><strong>vinculo</strong></span> <span class='ocrx_word' id='word_1_42' title='bbox 1108 918 1342 991; x_wconf 79' lang='lat' dir='ltr'><strong>consociari?</strong></span> 
     </span>
    </p>
   </div>
   <div class='ocr_carea' id='block_1_4' title="bbox 165 1028 1345 3610">
    <p class='ocr_par' dir='ltr' id='par_1_4' title="bbox 165 1028 1345 3610">
     <span class='ocr_line' id='line_1_7' title="bbox 286 1028 1343 1144; baseline -0.001 -24"><span class='ocrx_word' id='word_1_43' title='bbox 286 1045 367 1120; x_wconf 91' lang='lat' dir='ltr'><strong>Sint</strong></span> <span class='ocrx_word' id='word_1_44' title='bbox 390 1046 420 1120; x_wconf 90' lang='lat' dir='ltr'><strong>si</strong></span> <span class='ocrx_word' id='word_1_45' title='bbox 439 1048 556 1144; x_wconf 88' lang='lat' dir='ltr'><strong>placet</strong></span> <span class='ocrx_word' id='word_1_46' title='bbox 578 1037 622 1117; x_wconf 82' lang='grc' dir='ltr'><strong>οὐ</strong></span> <span class='ocrx_word' id='word_1_47' title='bbox 641 1033 757 1144; x_wconf 81' lang='grc' dir='ltr'>φύσει</span> <span class='ocrx_word' id='word_1_48' title='bbox 776 1033 879 1115; x_wconf 82' lang='grc' dir='ltr'>ἀλλὰ</span> <span class='ocrx_word' id='word_1_49' title='bbox 897 1028 1038 1132; x_wconf 49' lang='grc' dir='ltr'>θὲσειᾱ,</span> <span class='ocrx_word' id='word_1_50' title='bbox 1058 1046 1201 1118; x_wconf 88' lang='lat' dir='ltr'><strong>adeam</strong></span> <span class='ocrx_word' id='word_1_51' title='bbox 1218 1057 1343 1119; x_wconf 90' lang='lat' dir='ltr'><strong>tamen</strong></span> 
     </span>
     <span class='ocr_line' id='line_1_8' title="bbox 285 1162 1345 1260; baseline 0 -23"><span class='ocrx_word' id='word_1_52' title='bbox 285 1187 451 1237; x_wconf 87' lang='lat' dir='ltr'><strong>normam</strong></span> <span class='ocrx_word' id='word_1_53' title='bbox 481 1162 651 1259; x_wconf 93' lang='lat' dir='ltr'><strong>componi</strong></span> <span class='ocrx_word' id='word_1_54' title='bbox 685 1167 853 1260; x_wconf 82' lang='lat' dir='ltr'><strong>possunt,</strong></span> <span class='ocrx_word' id='word_1_55' title='bbox 885 1187 995 1259; x_wconf 89' lang='lat' dir='ltr'><strong>quam</strong></span> <span class='ocrx_word' id='word_1_56' title='bbox 1029 1163 1067 1236; x_wconf 93' lang='lat' dir='ltr'><strong>in</strong></span> <span class='ocrx_word' id='word_1_57' title='bbox 1098 1176 1230 1236; x_wconf 87' lang='lat' dir='ltr'><strong>natura</strong></span> <span class='ocrx_word' id='word_1_58' title='bbox 1263 1163 1345 1260; x_wconf 88' lang='lat' dir='ltr'><strong>ipsa</strong></span> 
     </span>
     <span class='ocr_line' id='line_1_9' title="bbox 286 1279 1343 1376; baseline 0 -24"><span class='ocrx_word' id='word_1_59' title='bbox 286 1281 384 1354; x_wconf 88' lang='lat' dir='ltr'><strong>ultro</strong></span> <span class='ocrx_word' id='word_1_60' title='bbox 410 1279 653 1376; x_wconf 79' lang='lat' dir='ltr'><strong>agnoscimus.</strong></span> <span class='ocrx_word' id='word_1_61' title='bbox 707 1279 827 1352; x_wconf 90' lang='lat' dir='ltr'><strong>Erunt</strong></span> <span class='ocrx_word' id='word_1_62' title='bbox 860 1279 980 1353; x_wconf 92' lang='lat' dir='ltr'><strong>adhuc</strong></span> <span class='ocrx_word' id='word_1_63' title='bbox 1009 1304 1055 1353; x_wconf 87' lang='lat' dir='ltr'><strong>ex</strong></span> <span class='ocrx_word' id='word_1_64' title='bbox 1089 1280 1261 1352; x_wconf 90' lang='lat' dir='ltr'><strong>instituto</strong></span> <span class='ocrx_word' id='word_1_65' title='bbox 1291 1279 1343 1352; x_wconf 89' lang='lat' dir='ltr'><strong>vi-</strong></span> 
     </span>
     <span class='ocr_line' id='line_1_10' title="bbox 187 1395 1344 1496; baseline -0.002 -24"><span class='ocrx_word' id='word_1_66' title='bbox 187 1487 192 1496; x_wconf 19' lang='lat'>*</span> <span class='ocrx_word' id='word_1_67' title='bbox 285 1400 393 1486; x_wconf 88' lang='lat' dir='ltr'><strong>caria,</strong></span> <span class='ocrx_word' id='word_1_68' title='bbox 412 1399 476 1471; x_wconf 92' lang='lat' dir='ltr'><strong>sed</strong></span> <span class='ocrx_word' id='word_1_69' title='bbox 502 1423 546 1470; x_wconf 88' lang='lat' dir='ltr'><strong>ex</strong></span> <span class='ocrx_word' id='word_1_70' title='bbox 572 1395 732 1494; x_wconf 88' lang='lat' dir='ltr'><strong>partium</strong></span> <span class='ocrx_word' id='word_1_71' title='bbox 749 1403 836 1493; x_wconf 91' lang='lat' dir='ltr'><strong>apta</strong></span> <span class='ocrx_word' id='word_1_72' title='bbox 861 1397 959 1469; x_wconf 87' lang='lat' dir='ltr'><strong>inter</strong></span> <span class='ocrx_word' id='word_1_73' title='bbox 975 1421 1014 1470; x_wconf 92' lang='lat' dir='ltr'><strong>se</strong></span> <span class='ocrx_word' id='word_1_74' title='bbox 1039 1398 1265 1471; x_wconf 86' lang='lat' dir='ltr'><strong>connexione</strong></span> <span class='ocrx_word' id='word_1_75' title='bbox 1291 1399 1344 1470; x_wconf 88' lang='lat' dir='ltr'><strong>ita</strong></span> 
     </span>
     <span class='ocr_line' id='line_1_11' title="bbox 165 1511 1342 1612; baseline -0.001 -22"><span class='ocrx_word' id='word_1_76' title='bbox 165 1550 174 1566; x_wconf 64' lang='lat'><strong><em>¹</em></strong></span> <span class='ocrx_word' id='word_1_77' title='bbox 284 1521 505 1612; x_wconf 88' lang='lat' dir='ltr'><strong>comparata,</strong></span> <span class='ocrx_word' id='word_1_78' title='bbox 537 1525 581 1587; x_wconf 90' lang='lat' dir='ltr'><strong>ut</strong></span> <span class='ocrx_word' id='word_1_79' title='bbox 614 1513 676 1586; x_wconf 91' lang='lat' dir='ltr'><strong>illa</strong></span> <span class='ocrx_word' id='word_1_80' title='bbox 709 1511 851 1586; x_wconf 90' lang='lat' dir='ltr'><strong>facilius</strong></span> <span class='ocrx_word' id='word_1_81' title='bbox 881 1513 959 1609; x_wconf 87' lang='lat' dir='ltr'><strong>jam</strong></span> <span class='ocrx_word' id='word_1_82' title='bbox 993 1515 1187 1611; x_wconf 82' lang='lat' dir='ltr'><strong>complecti</strong></span> <span class='ocrx_word' id='word_1_83' title='bbox 1221 1516 1342 1611; x_wconf 89' lang='lat' dir='ltr'><strong>possit</strong></span> 
     </span>
     <span class='ocr_line' id='line_1_12' title="bbox 285 1632 1343 1729; baseline 0 -21"><span class='ocrx_word' id='word_1_84' title='bbox 285 1659 388 1708; x_wconf 92' lang='lat' dir='ltr'><strong>meus</strong></span> <span class='ocrx_word' id='word_1_85' title='bbox 406 1636 577 1721; x_wconf 88' lang='lat' dir='ltr'><strong>humana,</strong></span> <span class='ocrx_word' id='word_1_86' title='bbox 596 1632 737 1707; x_wconf 85' lang='lat' dir='ltr'><strong>facilius</strong></span> <span class='ocrx_word' id='word_1_87' title='bbox 755 1632 995 1729; x_wconf 89' lang='lat' dir='ltr'><strong>interpretari,</strong></span> <span class='ocrx_word' id='word_1_88' title='bbox 1014 1641 1053 1706; x_wconf 90' lang='lat' dir='ltr'><strong>ct</strong></span> <span class='ocrx_word' id='word_1_89' title='bbox 1069 1635 1108 1706; x_wconf 93' lang='lat' dir='ltr'><strong>in</strong></span> <span class='ocrx_word' id='word_1_90' title='bbox 1126 1637 1343 1708; x_wconf 83' lang='lat' dir='ltr'><strong>memoriam</strong></span> 
     </span>
     <span class='ocr_line' id='line_1_13' title="bbox 284 1748 1343 1838; baseline 0.001 -14"><span class='ocrx_word' id='word_1_91' title='bbox 284 1776 463 1826; x_wconf 87' lang='lat' dir='ltr'><strong>revocare.</strong></span> <span class='ocrx_word' id='word_1_92' title='bbox 529 1750 615 1824; x_wconf 91' lang='lat' dir='ltr'><strong>Huc</strong></span> <span class='ocrx_word' id='word_1_93' title='bbox 648 1751 743 1823; x_wconf 91' lang='lat' dir='ltr'><strong>enim</strong></span> <span class='ocrx_word' id='word_1_94' title='bbox 779 1748 931 1824; x_wconf 87' lang='lat' dir='ltr'><strong>enititur</strong></span> <span class='ocrx_word' id='word_1_95' title='bbox 963 1749 1056 1824; x_wconf 89' lang='lat' dir='ltr'><strong>ratio</strong></span> <span class='ocrx_word' id='word_1_96' title='bbox 1095 1757 1232 1838; x_wconf 89' lang='lat' dir='ltr'><strong>nostra,</strong></span> <span class='ocrx_word' id='word_1_97' title='bbox 1268 1751 1343 1825; x_wconf 93' lang='lat' dir='ltr'><strong>huc</strong></span> 
     </span>
     <span class='ocr_line' id='line_1_14' title="bbox 284 1867 1343 1965; baseline 0.002 -25"><span class='ocrx_word' id='word_1_98' title='bbox 284 1867 401 1942; x_wconf 88' lang='lat' dir='ltr'><strong>omnis</strong></span> <span class='ocrx_word' id='word_1_99' title='bbox 435 1867 678 1965; x_wconf 86' lang='lat' dir='ltr'><strong>philosophia,</strong></span> <span class='ocrx_word' id='word_1_100' title='bbox 709 1873 753 1941; x_wconf 88' lang='lat' dir='ltr'><strong>ut</strong></span> <span class='ocrx_word' id='word_1_101' title='bbox 782 1867 1005 1940; x_wconf 86' lang='lat' dir='ltr'><strong>universales</strong></span> <span class='ocrx_word' id='word_1_102' title='bbox 1035 1891 1157 1940; x_wconf 88' lang='lat' dir='ltr'><strong>rerum</strong></span> <span class='ocrx_word' id='word_1_103' title='bbox 1188 1869 1343 1942; x_wconf 87' lang='lat' dir='ltr'><strong>affectus</strong></span> 
     </span>
     <span class='ocr_line' id='line_1_15' title="bbox 282 1983 1342 2081; baseline 0.001 -25"><span class='ocrx_word' id='word_1_104' title='bbox 282 1984 489 2081; x_wconf 88' lang='lat' dir='ltr'><strong>investiget,</strong></span> <span class='ocrx_word' id='word_1_105' title='bbox 521 1991 559 2057; x_wconf 87' lang='lat' dir='ltr'><strong>et</strong></span> <span class='ocrx_word' id='word_1_106' title='bbox 593 1986 697 2056; x_wconf 86' lang='lat' dir='ltr'><strong>firma</strong></span> <span class='ocrx_word' id='word_1_107' title='bbox 731 1984 808 2080; x_wconf 86' lang='lat' dir='ltr'><strong>lege</strong></span> <span class='ocrx_word' id='word_1_108' title='bbox 844 1983 1062 2057; x_wconf 86' lang='lat' dir='ltr'><strong>constrictos</strong></span> <span class='ocrx_word' id='word_1_109' title='bbox 1095 1991 1231 2057; x_wconf 88' lang='lat' dir='ltr'><strong>teneat.</strong></span> <span class='ocrx_word' id='word_1_110' title='bbox 1283 1983 1342 2057; x_wconf 85' lang='lat' dir='ltr'><strong>Ex</strong></span> 
     </span>
     <span class='ocr_line' id='line_1_16' title="bbox 283 2101 1343 2199; baseline 0 -25"><span class='ocrx_word' id='word_1_111' title='bbox 283 2101 382 2176; x_wconf 90' lang='lat' dir='ltr'><strong>hisce</strong></span> <span class='ocrx_word' id='word_1_112' title='bbox 399 2103 489 2176; x_wconf 89' lang='lat' dir='ltr'><strong>adeo</strong></span> <span class='ocrx_word' id='word_1_113' title='bbox 515 2101 702 2199; x_wconf 84' lang='lat' dir='ltr'><strong>principiis</strong></span> <span class='ocrx_word' id='word_1_114' title='bbox 728 2127 802 2175; x_wconf 94' lang='lat' dir='ltr'><strong>non</strong></span> <span class='ocrx_word' id='word_1_115' title='bbox 829 2126 971 2175; x_wconf 91' lang='lat' dir='ltr'><strong>merum</strong></span> <span class='ocrx_word' id='word_1_116' title='bbox 989 2125 1195 2175; x_wconf 88' lang='lat' dir='ltr'><strong>sermonem</strong></span> <span class='ocrx_word' id='word_1_117' title='bbox 1213 2103 1278 2175; x_wconf 90' lang='lat' dir='ltr'><strong>sed</strong></span> <span class='ocrx_word' id='word_1_118' title='bbox 1303 2113 1343 2176; x_wconf 89' lang='lat' dir='ltr'><strong>et</strong></span> 
     </span>
     <span class='ocr_line' id='line_1_17' title="bbox 282 2218 1341 2316; baseline 0.002 -26"><span class='ocrx_word' id='word_1_119' title='bbox 282 2218 416 2316; x_wconf 83' lang='lat' dir='ltr'><strong>linguae</strong></span> <span class='ocrx_word' id='word_1_120' title='bbox 433 2219 654 2316; x_wconf 83' lang='lat' dir='ltr'><strong>Analogiam</strong></span> <span class='ocrx_word' id='word_1_121' title='bbox 681 2243 791 2315; x_wconf 91' lang='lat' dir='ltr'><strong>quam</strong></span> <span class='ocrx_word' id='word_1_122' title='bbox 809 2227 944 2292; x_wconf 88' lang='lat' dir='ltr'><strong>vocant</strong></span> <span class='ocrx_word' id='word_1_123' title='bbox 971 2218 1173 2292; x_wconf 88' lang='lat' dir='ltr'><strong>desiderare</strong></span> <span class='ocrx_word' id='word_1_124' title='bbox 1198 2219 1341 2315; x_wconf 91' lang='lat' dir='ltr'><strong>potuis-</strong></span> 
     </span>
     <span class='ocr_line' id='line_1_18' title="bbox 282 2337 1343 2436; baseline -0.001 -24"><span class='ocrx_word' id='word_1_125' title='bbox 282 2345 363 2436; x_wconf 87' lang='lat' dir='ltr'><strong>sent</strong></span> <span class='ocrx_word' id='word_1_126' title='bbox 397 2339 574 2412; x_wconf 89' lang='lat' dir='ltr'><strong>homines.</strong></span> <span class='ocrx_word' id='word_1_127' title='bbox 628 2337 683 2410; x_wconf 80' lang='lat' dir='ltr'><strong>Re</strong></span> <span class='ocrx_word' id='word_1_128' title='bbox 719 2343 843 2410; x_wconf 89' lang='lat' dir='ltr'><strong>autem</strong></span> <span class='ocrx_word' id='word_1_129' title='bbox 879 2339 990 2410; x_wconf 89' lang='lat' dir='ltr'><strong>semel</strong></span> <span class='ocrx_word' id='word_1_130' title='bbox 1030 2347 1226 2424; x_wconf 83' lang='lat' dir='ltr'><strong>commota,</strong></span> <span class='ocrx_word' id='word_1_131' title='bbox 1262 2338 1343 2434; x_wconf 91' lang='lat' dir='ltr'><strong>ejus</strong></span> 
     </span>
     <span class='ocr_line' id='line_1_19' title="bbox 282 2453 1343 2551; baseline 0 -23"><span class='ocrx_word' id='word_1_132' title='bbox 282 2479 372 2529; x_wconf 90' lang='lat' dir='ltr'><strong>usus</strong></span> <span class='ocrx_word' id='word_1_133' title='bbox 402 2457 521 2528; x_wconf 89' lang='lat' dir='ltr'><strong>viset</strong></span> <span class='ocrx_word' id='word_1_134' title='bbox 547 2453 782 2551; x_wconf 87' lang='lat' dir='ltr'><strong>pulchritudo</strong></span> <span class='ocrx_word' id='word_1_135' title='bbox 808 2455 866 2526; x_wconf 86' lang='lat' dir='ltr'><strong>vel</strong></span> <span class='ocrx_word' id='word_1_136' title='bbox 895 2453 933 2526; x_wconf 91' lang='lat' dir='ltr'><strong>in</strong></span> <span class='ocrx_word' id='word_1_137' title='bbox 959 2453 1040 2526; x_wconf 87' lang='lat' dir='ltr'><strong>rudi</strong></span> <span class='ocrx_word' id='word_1_138' title='bbox 1064 2459 1177 2550; x_wconf 86' lang='lat' dir='ltr'><strong>atque</strong></span> <span class='ocrx_word' id='word_1_139' title='bbox 1202 2453 1343 2528; x_wconf 87' lang='lat' dir='ltr'><strong>inculta</strong></span> 
     </span>
     <span class='ocr_line' id='line_1_20' title="bbox 281 2559 1344 2669; baseline -0.006 -23"><span class='ocrx_word' id='word_1_140' title='bbox 281 2582 387 2647; x_wconf 88' lang='lat' dir='ltr'><strong>aetate</strong></span> <span class='ocrx_word' id='word_1_141' title='bbox 413 2573 516 2646; x_wconf 87' lang='lat' dir='ltr'><strong>facile</strong></span> <span class='ocrx_word' id='word_1_142' title='bbox 546 2572 841 2669; x_wconf 85' lang='lat' dir='ltr'><strong>subsequuntur;</strong></span> <span class='ocrx_word' id='word_1_143' title='bbox 872 2559 947 2645; x_wconf 86' lang='lat' dir='ltr'><strong>non</strong></span> <span class='ocrx_word' id='word_1_144' title='bbox 978 2571 1077 2644; x_wconf 92' lang='lat' dir='ltr'><strong>euim</strong></span> <span class='ocrx_word' id='word_1_145' title='bbox 1108 2570 1153 2643; x_wconf 94' lang='lat' dir='ltr'><strong>de</strong></span> <span class='ocrx_word' id='word_1_146' title='bbox 1177 2570 1344 2644; x_wconf 90' lang='lat' dir='ltr'><strong>Philoso-</strong></span> 
     </span>
     <span class='ocr_line' id='line_1_21' title="bbox 280 2687 1342 2786; baseline 0.001 -24"><span class='ocrx_word' id='word_1_147' title='bbox 280 2691 376 2786; x_wconf 86' lang='lat' dir='ltr'><strong>phiae</strong></span> <span class='ocrx_word' id='word_1_148' title='bbox 407 2689 565 2763; x_wconf 91' lang='lat' dir='ltr'><strong>inventis</strong></span> <span class='ocrx_word' id='word_1_149' title='bbox 595 2691 739 2785; x_wconf 88' lang='lat' dir='ltr'><strong>loquor,</strong></span> <span class='ocrx_word' id='word_1_150' title='bbox 769 2689 833 2762; x_wconf 89' lang='lat' dir='ltr'><strong>scd</strong></span> <span class='ocrx_word' id='word_1_151' title='bbox 859 2688 1011 2762; x_wconf 87' lang='lat' dir='ltr'><strong>humani</strong></span> <span class='ocrx_word' id='word_1_152' title='bbox 1041 2687 1177 2785; x_wconf 87' lang='lat' dir='ltr'><strong>ingenii</strong></span> <span class='ocrx_word' id='word_1_153' title='bbox 1207 2688 1342 2763; x_wconf 88' lang='lat' dir='ltr'><strong>nativis</strong></span> 
     </span>
     <span class='ocr_line' id='line_1_22' title="bbox 279 2807 1342 2906; baseline -0.001 -24"><span class='ocrx_word' id='word_1_154' title='bbox 279 2810 524 2884; x_wconf 86' lang='lat' dir='ltr'><strong>incrementis.</strong></span> <span class='ocrx_word' id='word_1_155' title='bbox 577 2809 663 2906; x_wconf 87' lang='lat' dir='ltr'><strong>lpsa</strong></span> <span class='ocrx_word' id='word_1_156' title='bbox 688 2819 785 2882; x_wconf 88' lang='lat' dir='ltr'><strong>certe</strong></span> <span class='ocrx_word' id='word_1_157' title='bbox 810 2833 932 2882; x_wconf 87' lang='lat' dir='ltr'><strong>rerum</strong></span> <span class='ocrx_word' id='word_1_158' title='bbox 959 2813 996 2882; x_wconf 87' lang='lat' dir='ltr'><strong>et</strong></span> <span class='ocrx_word' id='word_1_159' title='bbox 1021 2807 1217 2882; x_wconf 88' lang='lat' dir='ltr'><strong>notionum</strong></span> <span class='ocrx_word' id='word_1_160' title='bbox 1241 2807 1342 2881; x_wconf 87' lang='lat' dir='ltr'><strong>Ana·</strong></span> 
     </span>
     <span class='ocr_line' id='line_1_23' title="bbox 280 2925 1342 3023; baseline 0 -25"><span class='ocrx_word' id='word_1_161' title='bbox 280 2928 377 3023; x_wconf 87' lang='lat' dir='ltr'><strong>logia</strong></span> <span class='ocrx_word' id='word_1_162' title='bbox 399 2926 502 3001; x_wconf 82' lang='lat' dir='ltr'><strong>facile</strong></span> <span class='ocrx_word' id='word_1_163' title='bbox 532 2951 571 3000; x_wconf 89' lang='lat' dir='ltr'><strong>se</strong></span> <span class='ocrx_word' id='word_1_164' title='bbox 598 2926 743 3023; x_wconf 87' lang='lat' dir='ltr'><strong>prodit;</strong></span> <span class='ocrx_word' id='word_1_165' title='bbox 777 2926 985 3022; x_wconf 87' lang='lat' dir='ltr'><strong>proximum</strong></span> <span class='ocrx_word' id='word_1_166' title='bbox 1011 2935 1067 2998; x_wconf 90' lang='lat' dir='ltr'><strong>est</strong></span> <span class='ocrx_word' id='word_1_167' title='bbox 1093 2925 1195 2998; x_wconf 90' lang='lat' dir='ltr'><strong>illam</strong></span> <span class='ocrx_word' id='word_1_168' title='bbox 1220 2926 1342 2998; x_wconf 86' lang='lat' dir='ltr'><strong>verbis</strong></span> 
     </span>
     <span class='ocr_line' id='line_1_24' title="bbox 281 3041 1341 3141; baseline -0.004 -23"><span class='ocrx_word' id='word_1_169' title='bbox 281 3044 507 3141; x_wconf 80' lang='lat' dir='ltr'><strong>exprimere3</strong></span> <span class='ocrx_word' id='word_1_170' title='bbox 549 3045 581 3116; x_wconf 93' lang='lat' dir='ltr'><strong>si</strong></span> <span class='ocrx_word' id='word_1_171' title='bbox 620 3045 756 3117; x_wconf 90' lang='lat' dir='ltr'><strong>rustico</strong></span> <span class='ocrx_word' id='word_1_172' title='bbox 792 3044 945 3117; x_wconf 90' lang='lat' dir='ltr'><strong>verbum</strong></span> <span class='ocrx_word' id='word_1_173' title='bbox 985 3043 1138 3116; x_wconf 83' lang='lat' dir='ltr'><strong>fortasse</strong></span> <span class='ocrx_word' id='word_1_174' title='bbox 1173 3041 1341 3130; x_wconf 84' lang='lat' dir='ltr'><strong>deluerit,</strong></span> 
     </span>
     <span class='ocr_line' id='line_1_25' title="bbox 280 3159 1343 3256; baseline 0.002 -24"><span class='ocrx_word' id='word_1_175' title='bbox 280 3159 553 3233; x_wconf 89' lang='lat' dir='ltr'><strong>similitudinem</strong></span> <span class='ocrx_word' id='word_1_176' title='bbox 591 3162 775 3256; x_wconf 88' lang='lat' dir='ltr'><strong>quandam</strong></span> <span class='ocrx_word' id='word_1_177' title='bbox 810 3162 909 3235; x_wconf 90' lang='lat' dir='ltr'><strong>ultro</strong></span> <span class='ocrx_word' id='word_1_178' title='bbox 944 3159 1135 3256; x_wconf 87' lang='lat' dir='ltr'><strong>confingit,</strong></span> <span class='ocrx_word' id='word_1_179' title='bbox 1167 3171 1204 3233; x_wconf 90' lang='lat' dir='ltr'><strong>et</strong></span> <span class='ocrx_word' id='word_1_180' title='bbox 1239 3162 1343 3234; x_wconf 87' lang='lat' dir='ltr'><strong>nullo</strong></span> 
     </span>
     <span class='ocr_line' id='line_1_26' title="bbox 279 3276 1342 3375; baseline 0.001 -26"><span class='ocrx_word' id='word_1_181' title='bbox 279 3278 403 3351; x_wconf 86' lang='lat' dir='ltr'><strong>labore</strong></span> <span class='ocrx_word' id='word_1_182' title='bbox 427 3276 614 3350; x_wconf 85' lang='lat' dir='ltr'><strong>vocabulis</strong></span> <span class='ocrx_word' id='word_1_183' title='bbox 640 3277 760 3352; x_wconf 89' lang='lat' dir='ltr'><strong>utitur</strong></span> <span class='ocrx_word' id='word_1_184' title='bbox 785 3279 870 3351; x_wconf 91' lang='lat' dir='ltr'><strong>inde</strong></span> <span class='ocrx_word' id='word_1_185' title='bbox 900 3278 1115 3374; x_wconf 86' lang='lat' dir='ltr'><strong>desumptis.</strong></span> <span class='ocrx_word' id='word_1_186' title='bbox 1168 3276 1226 3350; x_wconf 84' lang='lat' dir='ltr'><strong>Ex</strong></span> <span class='ocrx_word' id='word_1_187' title='bbox 1252 3277 1342 3375; x_wconf 89' lang='lat' dir='ltr'><strong>ipsis</strong></span> 
     </span>
     <span class='ocr_line' id='line_1_27' title="bbox 280 3394 1339 3494; baseline 0.001 -26"><span class='ocrx_word' id='word_1_188' title='bbox 280 3395 391 3492; x_wconf 85' lang='lat' dir='ltr'><strong>igitur</strong></span> <span class='ocrx_word' id='word_1_189' title='bbox 430 3395 638 3494; x_wconf 88' lang='lat' dir='ltr'><strong>linguarum</strong></span> <span class='ocrx_word' id='word_1_190' title='bbox 680 3395 879 3491; x_wconf 84' lang='lat' dir='ltr'><strong>originibus</strong></span> <span class='ocrx_word' id='word_1_191' title='bbox 926 3396 1042 3469; x_wconf 88' lang='lat' dir='ltr'><strong>oritur</strong></span> <span class='ocrx_word' id='word_1_192' title='bbox 1085 3394 1339 3469; x_wconf 78' lang='lat' dir='ltr'><strong>Grammatico</strong></span> 
     </span>
     <span class='ocr_line' id='line_1_28' title="bbox 280 3512 1340 3610; baseline 0 -24"><span class='ocrx_word' id='word_1_193' title='bbox 280 3513 472 3610; x_wconf 87' lang='lat' dir='ltr'><strong>Analogia,</strong></span> <span class='ocrx_word' id='word_1_194' title='bbox 505 3539 586 3609; x_wconf 87' lang='lat' dir='ltr'><strong>quae</strong></span> <span class='ocrx_word' id='word_1_195' title='bbox 617 3512 793 3609; x_wconf 85' lang='lat' dir='ltr'><strong>Analogia</strong></span> <span class='ocrx_word' id='word_1_196' title='bbox 821 3537 894 3610; x_wconf 93' lang='lat' dir='ltr'><strong>quo</strong></span> <span class='ocrx_word' id='word_1_197' title='bbox 925 3512 1039 3609; x_wconf 85' lang='lat' dir='ltr'><strong>magis</strong></span> <span class='ocrx_word' id='word_1_198' title='bbox 1074 3513 1122 3586; x_wconf 88' lang='lat' dir='ltr'><strong>sit</strong></span> <span class='ocrx_word' id='word_1_199' title='bbox 1156 3537 1203 3586; x_wconf 86' lang='lat' dir='ltr'><strong>ex</strong></span> <span class='ocrx_word' id='word_1_200' title='bbox 1237 3514 1340 3586; x_wconf 92' lang='lat' dir='ltr'><strong>omni</strong></span> 
     </span>
    </p>
   </div>
   <div class='ocr_carea' id='block_1_5' title="bbox 279 3619 1341 4316">
    <p class='ocr_par' dir='ltr' id='par_1_5' title="bbox 279 3619 1338 3847">
     <span class='ocr_line' id='line_1_29' title="bbox 280 3619 1338 3727; baseline -0.002 -23"><span class='ocrx_word' id='word_1_201' title='bbox 280 3640 382 3727; x_wconf 90' lang='lat' dir='ltr'><strong>parte</strong></span> <span class='ocrx_word' id='word_1_202' title='bbox 412 3632 578 3704; x_wconf 89' lang='lat' dir='ltr'><strong>absoluta</strong></span> <span class='ocrx_word' id='word_1_203' title='bbox 605 3653 649 3703; x_wconf 91' lang='lat' dir='ltr'><strong>eo</strong></span> <span class='ocrx_word' id='word_1_204' title='bbox 680 3629 922 3726; x_wconf 88' lang='lat' dir='ltr'><strong>pulchriorem</strong></span> <span class='ocrx_word' id='word_1_205' title='bbox 949 3630 1125 3704; x_wconf 91' lang='lat' dir='ltr'><strong>habemus</strong></span> <span class='ocrx_word' id='word_1_206' title='bbox 1156 3619 1194 3703; x_wconf 82' lang='lat' dir='ltr'><strong>et</strong></span> <span class='ocrx_word' id='word_1_207' title='bbox 1216 3630 1338 3703; x_wconf 88' lang='lat' dir='ltr'><strong>valen-</strong></span> 
     </span>
     <span class='ocr_line' id='line_1_30' title="bbox 279 3747 803 3847; baseline -0.006 -25"><span class='ocrx_word' id='word_1_208' title='bbox 279 3749 407 3822; x_wconf 87' lang='lat' dir='ltr'><strong>tiorem</strong></span> <span class='ocrx_word' id='word_1_209' title='bbox 425 3749 597 3847; x_wconf 89' lang='lat' dir='ltr'><strong>loquendi</strong></span> <span class='ocrx_word' id='word_1_210' title='bbox 613 3747 803 3822; x_wconf 90' lang='lat' dir='ltr'><strong>rationem.</strong></span> 
     </span>
    </p>

    <p class='ocr_par' dir='ltr' id='par_1_6' title="bbox 279 3864 1341 4316">
     <span class='ocr_line' id='line_1_31' title="bbox 330 3864 1340 3963; baseline -0.002 -25"><span class='ocrx_word' id='word_1_211' title='bbox 330 3866 461 3963; x_wconf 90' lang='lat' dir='ltr'><strong>Neque</strong></span> <span class='ocrx_word' id='word_1_212' title='bbox 480 3891 567 3940; x_wconf 87' lang='lat' dir='ltr'><strong>vero</strong></span> <span class='ocrx_word' id='word_1_213' title='bbox 593 3867 670 3939; x_wconf 83' lang='lat' dir='ltr'><strong>haec</strong></span> <span class='ocrx_word' id='word_1_214' title='bbox 697 3865 748 3938; x_wconf 86' lang='lat' dir='ltr'><strong>ita</strong></span> <span class='ocrx_word' id='word_1_215' title='bbox 773 3866 818 3939; x_wconf 92' lang='lat' dir='ltr'><strong>de</strong></span> <span class='ocrx_word' id='word_1_216' title='bbox 845 3864 982 3938; x_wconf 84' lang='lat' dir='ltr'><strong>Graecis</strong></span> <span class='ocrx_word' id='word_1_217' title='bbox 1007 3867 1138 3963; x_wconf 89' lang='lat' dir='ltr'><strong>loquor</strong></span> <span class='ocrx_word' id='word_1_218' title='bbox 1162 3872 1340 3961; x_wconf 88' lang='lat' dir='ltr'><strong>tanquam</strong></span> 
     </span>
     <span class='ocr_line' id='line_1_32' title="bbox 280 3982 1340 4078; baseline -0.001 -23"><span class='ocrx_word' id='word_1_219' title='bbox 280 3983 343 4078; x_wconf 93' lang='lat' dir='ltr'><strong>qui</strong></span> <span class='ocrx_word' id='word_1_220' title='bbox 370 3983 477 4078; x_wconf 90' lang='lat' dir='ltr'><strong>primi</strong></span> <span class='ocrx_word' id='word_1_221' title='bbox 502 3995 538 4057; x_wconf 85' lang='lat' dir='ltr'><strong>et</strong></span> <span class='ocrx_word' id='word_1_222' title='bbox 563 3984 608 4057; x_wconf 92' lang='lat' dir='ltr'><strong>de</strong></span> <span class='ocrx_word' id='word_1_223' title='bbox 634 4007 701 4057; x_wconf 91' lang='lat' dir='ltr'><strong>suo</strong></span> <span class='ocrx_word' id='word_1_224' title='bbox 728 4007 933 4056; x_wconf 89' lang='lat' dir='ltr'><strong>sermonem</strong></span> <span class='ocrx_word' id='word_1_225' title='bbox 959 3983 1177 4070; x_wconf 87' lang='lat' dir='ltr'><strong>invenerint,</strong></span> <span class='ocrx_word' id='word_1_226' title='bbox 1204 3982 1267 4056; x_wconf 88' lang='lat' dir='ltr'><strong>sed</strong></span> <span class='ocrx_word' id='word_1_227' title='bbox 1293 4006 1340 4054; x_wconf 86' lang='lat' dir='ltr'><strong>ex</strong></span> 
     </span>
     <span class='ocr_line' id='line_1_33' title="bbox 279 4097 1341 4196; baseline 0.002 -26"><span class='ocrx_word' id='word_1_228' title='bbox 279 4123 388 4194; x_wconf 87' lang='lat' dir='ltr'><strong>parca</strong></span> <span class='ocrx_word' id='word_1_229' title='bbox 404 4105 442 4172; x_wconf 90' lang='lat' dir='ltr'><strong>et</strong></span> <span class='ocrx_word' id='word_1_230' title='bbox 459 4102 544 4184; x_wconf 79' lang='lat' dir='ltr'><strong>exili</strong></span> <span class='ocrx_word' id='word_1_231' title='bbox 561 4102 713 4174; x_wconf 88' lang='lat' dir='ltr'><strong>materia</strong></span> <span class='ocrx_word' id='word_1_232' title='bbox 730 4125 835 4174; x_wconf 87' lang='lat' dir='ltr'><strong>suam</strong></span> <span class='ocrx_word' id='word_1_233' title='bbox 851 4097 1015 4196; x_wconf 85' lang='lat' dir='ltr'><strong>linguam</strong></span> <span class='ocrx_word' id='word_1_234' title='bbox 1032 4099 1246 4174; x_wconf 84' lang='lat' dir='ltr'><strong>conflavisse</strong></span> <span class='ocrx_word' id='word_1_235' title='bbox 1263 4123 1341 4173; x_wconf 94' lang='lat' dir='ltr'><strong>uon</strong></span> 
     </span>
     <span class='ocr_line' id='line_1_34' title="bbox 281 4215 1339 4316; baseline 0.004 -28"><span class='ocrx_word' id='word_1_236' title='bbox 281 4215 531 4292; x_wconf 89' lang='lat' dir='ltr'><strong>dubitaverim.</strong></span> <span class='ocrx_word' id='word_1_237' title='bbox 584 4219 641 4292; x_wconf 84' lang='lat' dir='ltr'><strong>Ex</strong></span> <span class='ocrx_word' id='word_1_238' title='bbox 657 4227 761 4294; x_wconf 84' lang='lat' dir='ltr'><strong>tanta</strong></span> <span class='ocrx_word' id='word_1_239' title='bbox 786 4227 935 4316; x_wconf 87' lang='lat' dir='ltr'><strong>tamque</strong></span> <span class='ocrx_word' id='word_1_240' title='bbox 962 4217 1128 4295; x_wconf 85' lang='lat' dir='ltr'><strong>ordinata</strong></span> <span class='ocrx_word' id='word_1_241' title='bbox 1154 4219 1339 4293; x_wconf 82' lang='lat' dir='ltr'><strong>derivato·</strong></span> 
     </span>
    </p>
   </div>
   <div class='ocr_carea' id='block_1_6' title="bbox 559 4357 1051 4437">
    <p class='ocr_par' dir='ltr' id='par_1_7' title="bbox 559 4357 1051 4437">
     <span class='ocr_line' id='line_1_35' title="bbox 559 4357 1051 4437; baseline 0 -20"><span class='ocrx_word' id='word_1_242' title='bbox 559 4357 570 4390; x_wconf 67' lang='lat'><strong><em>⁶</em></strong></span> <span class='ocrx_word' id='word_1_243' title='bbox 592 4361 765 4420; x_wconf 59' lang='lat' dir='ltr'><strong>Ammonia</strong></span> <span class='ocrx_word' id='word_1_244' title='bbox 778 4361 809 4418; x_wconf 76' lang='lat' dir='ltr'><strong>in</strong></span> <span class='ocrx_word' id='word_1_245' title='bbox 822 4357 887 4420; x_wconf 74' lang='lat' dir='ltr'><strong>Lid.</strong></span> <span class='ocrx_word' id='word_1_246' title='bbox 902 4365 963 4437; x_wconf 74' lang='grc' dir='ltr'><strong>περὶ</strong></span> <span class='ocrx_word' id='word_1_247' title='bbox 975 4362 1051 4436; x_wconf 56' lang='lat' dir='ltr'><strong>‘spic</strong></span> 
     </span>
    </p>
   </div>
   <div class='ocr_carea' id='block_1_7' title="bbox 0 0 1552 4898">
    <p class='ocr_par' dir='ltr' id='par_1_8' title="bbox 0 0 1552 4898">
     <span class='ocr_line' id='line_1_36' title="bbox 0 0 1552 4898; baseline 0 1"><span class='ocrx_word' id='word_1_248' title='bbox 0 0 1552 4898; x_wconf 95' lang='lat' dir='ltr'><strong> </strong></span> 
     </span>
    </p>
   </div>
  </div>
 </body>
</html>
