3058 4902
344 949 693 1046 PRAELEOTIO
735 953 1033 1048 VIOESIMA.

569 1199 820 1212 ————-—

164 1353 253 1498 ΑΒ
277 1350 438 1426 instituti
463 1350 581 1447 operis
607 1359 707 1427 recto
733 1357 1049 1454 cursupaululum
1066 1357 1213 1431 deflexi-

254 1492 338 1542 mus
371 1468 459 1541 dum
498 1467 537 1540 in
570 1469 769 1544 evolvenda
802 1470 956 1546 Homeri
996 1475 1144 1547 solertia
1176 1480 1215 1546 et

164 1583 314 1657 scientia
338 1609 383 1657 ex
412 1591 514 1680 parte
545 1584 738 1658 affectuum
766 1586 1009 1661 humanorum
1034 1589 1215 1662 immorati

165 1725 302 1776 sumus.
355 1702 479 1775 Redeo
496 1700 617 1797 itaque
635 1703 732 1776 uude
749 1703 831 1778 abii.
876 1704 1092 1779 Universum
1108 1705 1214 1780 istius

51 1881 57 1892 ·
164 1855 314 1928 poeseos
348 1831 463 1928 partis
497 1853 577 1926 quae
600 1811 723 1906 Ἧθος
759 1838 912 1906 vocatur
946 1836 1120 1908 rationem
1156 1834 1216 1906 de·

164 1946 386 2043 scripsimus,
405 1947 695 2020 communionem
712 1946 790 2042 ejus
817 1973 897 2043 cum
918 1949 1042 2040 fabula
1065 1961 1101 2024 et
1127 1949 1216 2024 utri·

165 2085 280 2159 usque
305 2060 417 2159 partis
444 2061 551 2134 simul
576 2071 733 2158 sumptae
758 2065 992 2160 conjunctam
1016 2065 1089 2137 vim
1108 2066 1216 2161 plene

165 2177 252 2274 satis
269 2176 539 2252 deelaravimus.
587 2176 871 2275 Disquirendum
889 2187 946 2254 est
963 2180 1086 2275 igitur,
1106 2181 1216 2278 siqui·

165 2293 248 2366 dem
265 2293 384 2367 animo
401 2293 522 2367 divelli
538 2304 695 2388 possunt
711 2317 755 2366 ea
771 2319 853 2390 quae
869 2320 907 2368 re
926 2295 1005 2392 ipsa
1020 2297 1217 2370 arctissime

163 2409 258 2483 inter
282 2434 321 2484 se
346 2409 572 2506 colligantur,
591 2434 637 2483 ex
662 2410 795 2505 quibus
811 2411 968 2483 vinculis
995 2415 1129 2508 pendet
1155 2413 1216 2486 illa

163 2524 295 2598 fabulae
312 2549 397 2602 cum
414 2524 572 2598 moribus
590 2524 810 2597 consociatio
827 2532 865 2596 et
888 2540 1085 2600 concentus
1109 2551 1216 2624 quem

164 2640 383 2715 sublimioris
409 2663 559 2739 poeseos
585 2663 708 2712 veram
737 2651 867 2712 metam
895 2664 988 2714 esse,
1004 2643 1216 2737 pronuntia-

164 2759 295 2830 vimus.
350 2757 456 2832 Etsi
483 2758 522 2829 in
549 2746 619 2828 hoc
644 2758 846 2852 peragendo
872 2758 1046 2853 exemplis
1071 2758 1116 2830 ab
1142 2758 1217 2832 Ho-

165 2897 267 2946 mero
293 2873 492 2971 desumptis
517 2878 676 2958 utamur,
703 2871 810 2944 simul
835 2871 1018 2946 constabit
1043 2874 1132 2968 quid
1156 2873 1218 2948 ille

166 3011 213 3062 ex
231 2988 299 3062 hac
316 2995 420 3087 parte
437 2987 608 3062 effecerit.

216 3104 400 3202 Principio
433 3106 556 3203 itaque
590 3103 712 3177 fabula
744 3103 960 3178 intexuntur
989 3129 1108 3178 mores
1137 3105 1218 3179 ubi·

166 3245 310 3319 cunque
343 3222 395 3296 rei
428 3225 486 3296 vel
520 3221 657 3294 actioni
696 3219 765 3317 ipsi
801 3222 997 3318 apponitur
1030 3220 1220 3295 consilium

167 3337 322 3412 hominis
341 3349 380 3412 et
404 3345 562 3413 secretus
589 3335 699 3408 animi
724 3346 858 3424 motus,
879 3339 938 3410 vel
964 3337 1060 3434 quod
1087 3349 1221 3410 vocant

168 3466 287 3558 Graeci
304 3455 347 3538 τὸ
366 3457 409 3537 οὗ
427 3457 569 3555 ἕνεκα“,
588 3466 659 3540 hoc
676 3471 733 3539 est
755 3489 864 3538 causa
881 3490 962 3563 quae
980 3466 1220 3539 adactionem

167 3581 250 3653 finis
267 3582 388 3654 locum
405 3580 525 3655 habet.
846 3573 849 3580 ⁴

218 3695 364 3768 Etenim
389 3695 426 3768 iu
444 3698 583 3792 agendo
599 3698 658 3770 vel
685 3721 729 3770 ex
747 3699 845 3772 nuda
870 3721 909 3770 re
926 3693 991 3794 pe'r
1008 3721 1046 3770 se
1073 3705 1222 3793 sumpta

168 3813 383 3886 sententiam
414 3812 523 3890 animi
548 3814 749 3901 haurimus,
777 3814 874 3911 quod
903 3819 1025 3886 tamen
1055 3824 1222 3887 accurate

168 3929 351 4027 loquendo
369 3953 449 4002 raro
467 3929 510 4001 fit
530 3930 692 4018 (affectus
716 3929 811 4002 euim
829 3935 866 4001 et
885 3915 1073 4024 opiniones
1089 3929 1222 4025 quibus

168 4045 231 4118 diu
258 4044 485 4118 assuevimus
515 4043 620 4117 facile
647 4068 686 4118 se
713 4046 898 4140 ingerunt)
929 4046 987 4116 vel
1021 4068 1066 4116 ex
1093 4043 1223 4118 mentis

170 4160 297 4234 habitu
314 4172 351 4234 et
367 4161 429 4233 illa
446 4185 554 4257 quarn
573 4161 677 4234 uobis
694 4160 918 4234 instituimus
937 4160 1066 4255 agendi
1083 4183 1221 4234 norma.

272 4330 375 4392 ·vm.
392 4331 489 4392 Aret.
504 4330 600 4405 urs„
616 4329 636 4389 1.
653 4329 695 4390 m.
709 4351 734 4392 ο.
756 4331 798 4400 16,
812 4333 923 4406 ’nont
936 4335 964 4390 a·
978 4335 1026 4399 m,
1041 4338 1121 4390 aar.
