3058 4902
277 334 343 397 352
538 330 747 381 rnsnrcrro
772 333 1081 385 vrcssrrrr-rsrrrr.

278 492 335 565 his
364 490 501 564 artibus
536 485 653 560 utitur
680 483 875 559 Homerus.
928 485 1070 559 Rursus
1099 487 1340 585 Tlepolemus

277 606 484 705 superbiam
500 629 580 702 quae
596 627 642 675 ex
663 601 849 675 nobilitate
867 603 1007 699 generis
1030 603 1179 700 profluit
1200 631 1337 702 reprae.

278 733 408 799 sentat.
436 719 617 795 Thersites
635 720 824 792 molestam
843 720 957 817 plebis
976 722 1245 816 protervitatem
1260 749 1340 821 qua

278 839 538 915 authoritatem
563 827 730 909 insectari
756 836 885 908 solent.
938 834 1231 934 Theoclymenus
1255 843 1334 914 vim

278 981 387 1054 quam
419 951 632 1028 divinationi
665 951 872 1024 tribuebant
905 952 1058 1048 antiqui.
1112 955 1337 1052 Euphorbus

278 1073 587 1171 vaniloquentiam
600 1093 681 1168 quae
697 1069 822 1142 leviori
838 1069 959 1142 animo
978 1095 1052 1166 prae
1070 1071 1221 1146 fortunae
1239 1075 1334 1148 laetis

278 1191 422 1265 casibus
439 1214 478 1263 se
495 1187 636 1283 ingerit.
688 1185 889 1259 Leodamas
909 1185 1052 1260 Alcinoi
1070 1189 1166 1262 lilius
1186 1189 1333 1263 inanem

278 1308 558 1382 ostentationem
575 1329 647 1402 qua
663 1303 881 1399 ineptiarum
898 1305 1050 1378 studiosi
1069 1330 1332 1404 nonnunquam

278 1450 371 1498 verae
388 1423 515 1498 virtuti
532 1427 569 1496 et
595 1420 731 1494 meritis
749 1445 787 1494 se
809 1445 991 1518 opponere
1008 1423 1156 1509 audent,
1176 1430 1212 1495 et
1233 1425 1333 1522 siqui

279 1547 366 1615 sunt
383 1541 442 1614 alii
461 1539 516 1612 his
532 1537 748 1612 consimiles.

328 1657 457 1753 Itaque
473 1655 511 1728 in
528 1656 597 1727 boc
613 1654 752 1727 ambitu
770 1655 801 1726 si
819 1653 931 1727 Iliada
947 1661 984 1727 et
998 1655 1201 1752 Odysseam
1219 1657 1332 1731 simul

277 1772 510 1870 respiciamus
524 1771 584 1844 vix
596 1770 678 1844 ullae
690 1770 822 1842 desunt
840 1771 988 1866 privatae
1002 1773 1056 1844 vel
1078 1772 1231 1868 publioae
1245 1775 1331 1848 vitae

276 1913 451 1986 personae.
482 1888 641 1962 Possunt
652 1887 799 1984 quidem
812 1887 882 1960 illae
896 1888 1121 1962 multimodis
1132 1890 1262 1980 variari
1279 1891 1331 1964 ita

276 2017 401 2079 tamen
417 2017 460 2079 ut
485 2007 532 2079 ad
551 2005 763 2077 Homericas
788 2011 963 2100 tanquam
989 2007 1035 2078 ad
1061 2005 1236 2104 principia
1263 2033 1331 2081 sua

277 2144 350 2193 non
368 2121 499 2216 injuria
524 2119 646 2192 referri
672 2128 708 2191 et
734 2118 866 2192 abillis
891 2119 1053 2193 fontibus
1072 2121 1224 2194 derivari
1248 2149 1332 2196 cen·

275 2244 433 2310 scantur.
473 2237 640 2331 Longum
658 2245 714 2310 est
730 2237 851 2309 omnia
871 2235 1079 2332 singulatim
1098 2263 1330 2334 percurrere:

275 2352 352 2424 hec
377 2351 559 2425 sufficiant
588 2351 786 2424 excitandis
819 2353 1009 2424 hominum
1038 2353 1170 2427 animis
1195 2355 1241 2426 ad
1267 2380 1331 2427 ex-

277 2470 491 2567 plorandam
508 2470 602 2542 hanc
620 2492 705 2540 cum
723 2468 955 2566 simplicitate
972 2469 1202 2565 conjunctam
1217 2471 1332 2544 varie·

279 2593 405 2660 tatem.

329 2701 451 2786 Quam
470 2713 593 2776 autem
610 2701 772 2798 intelligo
789 2701 1058 2797 simplicitatem
1075 2706 1252 2800 exemplis
1269 2729 1332 2778 ex·

276 2844 421 2916 ponam.
474 2818 736 2915 Agamemnoni
764 2819 938 2892 tribuitur
964 2819 1118 2916 politicae
1142 2821 1334 2918 potestatis

276 2935 489 3023 authoritas,
508 2959 590 3031 quaa
617 2945 801 3031 utcunque
826 2936 943 3008 forma
960 2937 1119 3009 varietur
1144 2939 1333 3034 principiis

277 3051 354 3124 suis
373 3051 446 3125 lere
467 3076 610 3148 semper
627 3053 754 3125 eadem
772 3059 839 3138 est,
860 3051 936 3124 sive
956 3052 1019 3124 uni
1044 3077 1109 3126 seu
1128 3056 1332 3130 multorum

279 3165 445 3238 manibus
480 3167 740 3255 committatur,
772 3192 988 3264 quacunque
1018 3169 1164 3242 demum
1197 3195 1334 3268 pompa

276 3282 587 3378 accingaturvim
616 3295 739 3357 tamen
769 3285 847 3380 ejus
878 3295 914 3358 et
946 3286 1121 3359 honorem
1150 3285 1257 3359 etiam
1286 3291 1332 3362 ab

276 3401 489 3473 adversariis
516 3402 569 3474 illi
595 3402 756 3474 delatum
780 3404 970 3475 continent
993 3428 1077 3477 cum
1104 3417 1234 3478 catera
1250 3415 1331 3480 tum

276 3517 428 3590 Achillis
438 3543 522 3591 cum
533 3519 819 3615 Agamemnonis
837 3522 1063 3616 praeoonibus
1077 3521 1115 3595 iu
1130 3526 1187 3594 1Ιιιο
1197 3523 1329 3596 Iliados

276 3634 369 3706 libro
386 3659 600 3732 congressus
613 3666 676 3708 :-

474 3809 579 3880 χαίρετε
590 3807 696 3882 κήρυκες
711 3811 772 3868 Διὸς
785 3812 894 3884 ἄγγελοι
908 3811 951 3884 ridi
966 3815 1008 3869 rui
1021 3814 1129 3888 dvdpr'w.

281 3966 476 4041 Potestatis
494 3967 785 4044 administranda
803 3971 895 4043 ritus
915 3951 1067 4068 singulis
1089 3973 1257 4069 gentibus
1278 3974 1331 4048 di·

275 4084 370 4159 versi
390 4110 469 4160 esse
493 4093 659 4183 possunt,
684 4087 943 4162 authoritatem
964 4099 1001 4162 et
1024 4076 1130 4162 officii
1153 4091 1331 4163 rationem

276 4202 445 4276 omnibus
459 4204 609 4276 eandem
628 4203 776 4278 tradidit
794 4205 989 4279 Homerus.
1028 4205 1167 4280 Rursus
1181 4205 1332 4280 Nestori

274 4318 465 4410 prudentia
480 4345 551 4394 usu
569 4330 779 4418 comparata
794 4321 1016 4417 adsignatur.
1064 4323 1190 4420 Ulyssi
1209 4324 1332 4398 nativa
