3094 4898
313 315 378 378 1⁷4
645 313 856 364 νιυσυνυυιο
880 313 1031 361 nnuma.

362 473 419 546 Ex
436 471 537 544 hisce
554 469 644 542 adeo
662 463 847 563 principiis
871 469 950 536 orta
973 472 1027 536 est
1053 463 1115 536 illa
1134 461 1179 552 (si
1198 459 1250 534 ita
1265 459 1368 557 loqui

311 592 366 664 fas
393 589 453 676 sit)
481 585 618 659 Graecae
644 584 779 680 linguae
802 581 1031 676 Amplitudo,
1054 580 1154 653 illam
1184 577 1265 651 dico
1291 576 1368 648 vim

313 718 350 781 et
367 706 578 778 facultatem
595 725 667 798 qua
691 723 769 772 sese
795 723 861 794 pro
883 722 922 769 re
945 704 1031 770 nata
1048 695 1229 792 explicere
1246 692 1369 791 potuit

312 835 351 899 et
380 847 437 897 res
467 844 580 894 novas
610 815 801 914 complecti
811 811 836 887 ⁶.
899 813 1027 910 Itaque
1054 811 1285 911 philosophia
1313 810 1367 883 in-

313 951 423 1014 venta
440 939 538 1035 apud
557 937 714 1022 Graecos,
734 958 811 1008 non
830 932 906 1028 jam
925 933 1035 1005 habes
1053 931 1201 1004 miseras
1224 931 1306 1003 illas
1323 929 1370 1001 de

314 1065 474 1155 egestate
499 1054 631 1149 linguae
649 1051 904 1149 querimoniae,
923 1051 987 1122 sed
1013 1073 1137 1146 parem
1160 1073 1247 1122 cum
1269 1071 1368 1120 com-

315 1173 418 1247 muni
452 1171 538 1257 vita,
574 1194 659 1243 cum
694 1168 807 1241 literis
845 1166 1119 1240 humanioribus
1153 1164 1370 1260 elegantiam

317 1293 421 1366 facile
445 1294 613 1364 assecuta
640 1295 695 1359 est
721 1283 883 1372 scientia,
902 1309 971 1358 nec
996 1291 1121 1358 tamen
1149 1282 1224 1356 suis
1250 1305 1371 1356 carere

285 1404 290 1410 ’
316 1410 439 1506 potuit
462 1407 550 1480 artis
566 1403 762 1478 vocabulis.
816 1401 906 1475 Sero
927 1401 1024 1497 apud
1043 1398 1189 1473 Graeoos
1215 1399 1372 1472 invaluit

317 1525 473 1622 logica;
492 1548 560 1596 nec
572 1547 657 1595 vero
668 1519 858 1594 Aristoteli
871 1519 916 1592 ad
929 1542 1026 1592 nova
1037 1519 1147 1591 verba
1159 1528 1228 1591 eta
1242 1516 1372 1590 Graeco

318 1666 484 1716 sermone
497 1641 615 1712 aliena
627 1637 910 1732 confugiendum
921 1645 1014 1722 erat;
1032 1634 1071 1706 in
1084 1644 1256 1734 promptu
1267 1640 1372 1707 erant

319 1761 551 1860 συνώνυμον,
582 1759 679 1863 ὅρος,
709 1752 918 1862 πρότασιν,
935 1756 1205 1860 συμπέρασμα,
1224 1765 1370 1836 συλλο-

318 1887 457 1994 γισμὸς
477 1909 513 1972 et
536 1905 665 1972 caetera
685 1897 952 1994 quamplurima
971 1898 1032 1969 vel
1050 1897 1128 1991 jam
1149 1895 1293 1982 usitata,
1311 1896 1373 1968 vel

319 2016 541 2090 aveteribus
567 2015 731 2088 sontibus
756 2014 858 2087 facile
885 2013 1091 2100 derivanda,
1114 2037 1194 2109 quae
1221 2012 1259 2084 in
1285 2037 1373 2086 suos

321 2158 410 2208 usus
427 2134 648 2218 transferret,
662 2134 714 2204 ita
730 2140 773 2205 ut
791 2155 866 2204 non
882 2136 1029 2204 tantum
1045 2125 1214 2204 accurate
1231 2154 1374 2226 semper

320 2251 496 2346 loquutus
522 2249 570 2322 sit
595 2248 658 2322 sed
678 2250 874 2343 eleganter,
894 2246 957 2345 qui
973 2254 1096 2320 tamen
1121 2247 1273 2320 eandem
1295 2271 1375 2320 rem

320 2391 396 2439 non
422 2368 532 2440 semel
558 2365 811 2452 nominaverit,
832 2367 895 2438 sed
919 2389 987 2463 pro
1005 2363 1146 2438 diversa
1171 2365 1292 2460 operis
1317 2365 1375 2438 sui

216 2481 224 2491 '
322 2484 462 2557 ratione
480 2483 588 2556 variis
607 2483 909 2581 appellationibus
928 2483 1126 2556 donaverit.
1162 2481 1299 2555 Eadem
1316 2507 1376 2555 res

322 2601 420 2698 apud
436 2599 586 2674 Latinos
604 2601 742 2673 inculta
760 2607 816 2673 est
832 2607 942 2697 atque
959 2598 1113 2672 horrida.
1154 2597 1234 2672 Nec
1252 2599 1376 2671 minus

320 2733 471 2805 feliciter
495 2731 713 2806 Geometriae
734 2731 896 2804 inserviit
923 2729 1046 2826 lingua
1067 2728 1204 2803 Graeca.
1256 2721 1374 2802 Ὑπο-

321 2851 509 2948 τείνουσα,
541 2846 761 2952 ἱσασκελῆς,
792 2855 831 2930 αἰ
860 2849 1032 2956 ἐναλλὰξ
1056 2851 1198 2952 γωνίαι,
1226 2846 1377 2955 παράλ-

321 2990 436 3080 ληλοι
469 2973 615 3077 εὐθεῖαι,
649 2978 697 3060 τὰ
726 2979 1076 3084 παραπληρώματα,
1103 2995 1259 3087 receptae
1289 2997 1380 3063 sunt

320 3105 488 3201 protinus
506 3108 564 3180 vel
581 3107 855 3202 significationis
873 3109 930 3180 vel
949 3107 1189 3180 derivationis.
1239 3107 1377 3182 Recen-

322 3221 431 3293 tiores
458 3215 579 3318 itaque
606 3225 814 3296 maluerunt
845 3222 974 3297 Graeca
997 3225 1174 3298 vocabula
1202 3226 1251 3297 in·
1270 3249 1377 3299 suam

322 3338 484 3434 linguam
513 3349 684 3437 cooptare
709 3365 819 3438 quam
843 3340 913 3415 alia
940 3343 985 3415 de
1012 3366 1079 3416 suo
1102 3342 1248 3440 fingere.
1303 3342 1377 3416 Sed

323 3457 380 3528 vel
408 3480 506 3531 nunc
530 3456 659 3530 Latina
684 3458 843 3532 Euclidis
863 3459 981 3533 versio
1004 3485 1026 3534 a
1047 3460 1176 3536 Graeca
1197 3471 1378 3559 quantum

322 3571 446 3647 distat.
500 3573 750 3671 Quoscuuque
773 3576 884 3670 igitur
900 3576 938 3649 in
956 3601 1129 3673 recessus,
1149 3603 1377 3675 quaecunque

322 3690 358 3763 in
379 3691 591 3766 diverticula
608 3693 755 3766 duceret
772 3693 829 3766 vel
843 3693 1077 3790 Philosophia
1095 3696 1151 3767 vel
1168 3696 1253 3768 vitae
1269 3695 1377 3785 ratio,

317 3807 609 3905 'subsequebatur
635 3833 752 3882 sermo
777 3817 925 3907 paratus
955 3812 1068 3884 animi
1093 3811 1282 3907 interpres.
1338 3811 1379 3885 Si

363 4021 407 4056 “⁸
418 4023 498 4099 Quid
511 4023 684 4106 illud,quod
696 4025 789 4086 Graeci
799 4025 830 4084 in
871 4025 993 4105 colliget
1045 4025 1091 4087 uis
1120 4025 1242 4088 Graeoes
1283 4027 1379 4090 fuisse

322 4104 830 4196 compositionibusverborumtan·
871 4107 996 4180 artibus,
1073 4126 1176 4167 manos
1203 4107 1294 4168 rebus
1325 4129 1379 4188 ge-

322 4186 356 4239 ta
378 4179 500 4240 licentra
520 4203 567 4242 usr
594 4193 674 4259 sunt,
700 4185 827 4244 Romam
869 4185 979 4260 rendis,
994 4185 1089 4264 magis
1102 4185 1256 4246 idoneo.’'
1285 4189 1379 4250 Vm-

321 4264 427 4350 contra
446 4281 583 4338 magnam
605 4263 637 4322 in
652 4265 706 4326 hae
728 4285 760 4322 ra
781 4283 826 4322 se·
869 4265 934 4326 Iam.
951 4267 987 4326 do
1000 4267 1153 4347 Aupmcat.
1169 4267 1289 4340 saeua,
1303 4269 1323 4329 1.
1338 4270 1377 4331 vi.

322 4345 478 4401 veritatem
487 4340 713 4403 adhibuerunt?
735 4343 827 4404 Plane
868 4363 890 4405 c.
912 4365 935 4404 ι.
