<?xml version="1.0" encoding="UTF-8"?>
<!DOCTYPE html PUBLIC "-//W3C//DTD XHTML 1.0 Transitional//EN"
    "http://www.w3.org/TR/xhtml1/DTD/xhtml1-transitional.dtd">
<html xmlns="http://www.w3.org/1999/xhtml" xml:lang="en" lang="en">
 <head>
  <title>
</title>
<meta http-equiv="Content-Type" content="text/html;charset=utf-8" />
  <meta name='ocr-system' content='tesseract 3.04.00' />
  <meta name='ocr-capabilities' content='ocr_page ocr_carea ocr_par ocr_line ocrx_word'/>
</head>
<body>
  <div class='ocr_page' id='page_1' title='image "./prlectionesacad00randgoog_0235.png"; bbox 0 0 3058 4908; ppageno 0'>
   <div class='ocr_carea' id='block_1_1' title="bbox 435 368 1223 434">
    <p class='ocr_par' dir='ltr' id='par_1_1' title="bbox 435 368 1223 434">
     <span class='ocr_line' id='line_1_1' title="bbox 435 368 1223 434; baseline 0.001 -6"><span class='ocrx_word' id='word_1_1' title='bbox 435 380 648 430; x_wconf 70' lang='grc' dir='ltr'>Ριιαινοτιο</span> <span class='ocrx_word' id='word_1_2' title='bbox 667 380 963 430; x_wconf 67' lang='lat' dir='ltr'><strong>onorata-enarra.</strong></span> <span class='ocrx_word' id='word_1_3' title='bbox 1159 368 1223 434; x_wconf 79' lang='lat'><strong>225</strong></span> 
     </span>
    </p>
   </div>
   <div class='ocr_carea' id='block_1_2' title="bbox 170 527 1264 1378">
    <p class='ocr_par' dir='ltr' id='par_1_2' title="bbox 170 527 1264 1378">
     <span class='ocr_line' id='line_1_2' title="bbox 171 527 1227 640; baseline 0.004 -28"><span class='ocrx_word' id='word_1_4' title='bbox 171 527 266 613; x_wconf 82' lang='grc' dir='ltr'>διότι</span> <span class='ocrx_word' id='word_1_5' title='bbox 285 527 363 619; x_wconf 68' lang='grc' dir='ltr'>τοῖς</span> <span class='ocrx_word' id='word_1_6' title='bbox 379 533 450 634; x_wconf 75' lang='grc' dir='ltr'><strong>μέν</strong></span> <span class='ocrx_word' id='word_1_7' title='bbox 467 527 593 637; x_wconf 81' lang='grc' dir='ltr'>πόῤῥω</span> <span class='ocrx_word' id='word_1_8' title='bbox 608 532 673 640; x_wconf 84' lang='grc' dir='ltr'><strong>ἀφ’</strong></span> <span class='ocrx_word' id='word_1_9' title='bbox 693 535 796 633; x_wconf 84' lang='grc' dir='ltr'>ἡμῶν</span> <span class='ocrx_word' id='word_1_10' title='bbox 813 536 1060 633; x_wconf 82' lang='grc' dir='ltr'>ἀπιστοῦμεν·</span> <span class='ocrx_word' id='word_1_11' title='bbox 1094 530 1152 638; x_wconf 81' lang='grc' dir='ltr'><strong>ἐφ’</strong></span> <span class='ocrx_word' id='word_1_12' title='bbox 1172 529 1227 616; x_wconf 68' lang='grc' dir='ltr'><strong>οἷς</strong></span> 
     </span>
     <span class='ocr_line' id='line_1_3' title="bbox 170 654 1264 768; baseline -0.002 -27"><span class='ocrx_word' id='word_1_13' title='bbox 170 660 210 741; x_wconf 74' lang='grc' dir='ltr'><strong>δὲ</strong></span> <span class='ocrx_word' id='word_1_14' title='bbox 240 665 484 763; x_wconf 83' lang='grc' dir='ltr'>ἀπιστοῦμεν,</span> <span class='ocrx_word' id='word_1_15' title='bbox 504 664 574 768; x_wconf 82' lang='grc' dir='ltr'><strong>οὐχ</strong></span> <span class='ocrx_word' id='word_1_16' title='bbox 601 656 781 764; x_wconf 80' lang='grc' dir='ltr'>ἡδόμεθα·</span> <span class='ocrx_word' id='word_1_17' title='bbox 813 659 860 744; x_wconf 77' lang='grc' dir='ltr'><strong>τό</strong></span> <span class='ocrx_word' id='word_1_18' title='bbox 888 661 928 742; x_wconf 75' lang='grc' dir='ltr'><strong>δὲ</strong></span> <span class='ocrx_word' id='word_1_19' title='bbox 953 659 1075 765; x_wconf 74' lang='grc' dir='ltr'>ἐγγύς,</span> <span class='ocrx_word' id='word_1_20' title='bbox 1095 654 1225 764; x_wconf 75' lang='grc' dir='ltr'>ὥσπερ</span> <span class='ocrx_word' id='word_1_21' title='bbox 1260 681 1264 688; x_wconf 89' lang='grc'><strong>’</strong></span> 
     </span>
     <span class='ocr_line' id='line_1_4' title="bbox 172 784 1225 896; baseline -0.002 -26"><span class='ocrx_word' id='word_1_22' title='bbox 172 789 226 873; x_wconf 70' lang='grc' dir='ltr'><strong>ἔτι</strong></span> <span class='ocrx_word' id='word_1_23' title='bbox 251 784 520 892; x_wconf 73' lang='grc' dir='ltr'>αἰσθανόμεθα,</span> <span class='ocrx_word' id='word_1_24' title='bbox 547 796 608 873; x_wconf 83' lang='grc' dir='ltr'><strong>καὶ</strong></span> <span class='ocrx_word' id='word_1_25' title='bbox 637 795 723 896; x_wconf 82' lang='grc' dir='ltr'>περὶ</span> <span class='ocrx_word' id='word_1_26' title='bbox 747 789 890 872; x_wconf 75' lang='grc' dir='ltr'>τούτων</span> <span class='ocrx_word' id='word_1_27' title='bbox 918 789 1125 890; x_wconf 75' lang='grc' dir='ltr'>ἀκούοντες,</span> <span class='ocrx_word' id='word_1_28' title='bbox 1156 790 1225 895; x_wconf 77' lang='grc' dir='ltr'><strong>οὐχ</strong></span> 
     </span>
     <span class='ocr_line' id='line_1_5' title="bbox 170 913 1228 1020; baseline 0.002 -21"><span class='ocrx_word' id='word_1_29' title='bbox 170 913 335 1020; x_wconf 88' lang='grc' dir='ltr'>ἡδόμεθα</span> <span class='ocrx_word' id='word_1_30' title='bbox 345 926 367 1003; x_wconf 79' lang='lat'><strong>⁶.</strong></span> <span class='ocrx_word' id='word_1_31' title='bbox 421 930 462 1002; x_wconf 92' lang='lat' dir='ltr'><strong>In</strong></span> <span class='ocrx_word' id='word_1_32' title='bbox 486 931 596 1004; x_wconf 88' lang='lat' dir='ltr'><strong>rebus</strong></span> <span class='ocrx_word' id='word_1_33' title='bbox 622 927 792 1003; x_wconf 88' lang='lat' dir='ltr'><strong>nimirum</strong></span> <span class='ocrx_word' id='word_1_34' title='bbox 821 931 925 1003; x_wconf 88' lang='lat' dir='ltr'><strong>valde</strong></span> <span class='ocrx_word' id='word_1_35' title='bbox 952 929 1085 1003; x_wconf 92' lang='lat' dir='ltr'><strong>dissitis</strong></span> <span class='ocrx_word' id='word_1_36' title='bbox 1111 929 1228 1003; x_wconf 91' lang='lat' dir='ltr'><strong>oritur</strong></span> 
     </span>
     <span class='ocr_line' id='line_1_6' title="bbox 172 1046 1225 1145; baseline -0.002 -25"><span class='ocrx_word' id='word_1_37' title='bbox 172 1047 385 1135; x_wconf 74' lang='lat' dir='ltr'><strong>obscuritas,</strong></span> <span class='ocrx_word' id='word_1_38' title='bbox 405 1046 443 1119; x_wconf 92' lang='lat' dir='ltr'><strong>in</strong></span> <span class='ocrx_word' id='word_1_39' title='bbox 465 1048 573 1121; x_wconf 91' lang='lat' dir='ltr'><strong>rebus</strong></span> <span class='ocrx_word' id='word_1_40' title='bbox 600 1048 707 1120; x_wconf 90' lang='lat' dir='ltr'><strong>nimis</strong></span> <span class='ocrx_word' id='word_1_41' title='bbox 732 1047 945 1145; x_wconf 87' lang='lat' dir='ltr'><strong>propinquis</strong></span> <span class='ocrx_word' id='word_1_42' title='bbox 971 1046 1129 1121; x_wconf 80' lang='lat' dir='ltr'><strong>scientiae</strong></span> <span class='ocrx_word' id='word_1_43' title='bbox 1147 1047 1225 1119; x_wconf 88' lang='lat' dir='ltr'><strong>vnl-</strong></span> 
     </span>
     <span class='ocr_line' id='line_1_7' title="bbox 172 1162 1225 1262; baseline 0 -27"><span class='ocrx_word' id='word_1_44' title='bbox 172 1162 266 1260; x_wconf 87' lang='lat' dir='ltr'><strong>garis</strong></span> <span class='ocrx_word' id='word_1_45' title='bbox 283 1169 527 1262; x_wconf 87' lang='lat' dir='ltr'><strong>contemptus.</strong></span> <span class='ocrx_word' id='word_1_46' title='bbox 556 1163 612 1238; x_wconf 84' lang='lat' dir='ltr'><strong>Ex</strong></span> <span class='ocrx_word' id='word_1_47' title='bbox 629 1163 700 1236; x_wconf 89' lang='lat' dir='ltr'><strong>hoo</strong></span> <span class='ocrx_word' id='word_1_48' title='bbox 717 1163 839 1261; x_wconf 88' lang='lat' dir='ltr'><strong>itaque</strong></span> <span class='ocrx_word' id='word_1_49' title='bbox 857 1165 978 1237; x_wconf 90' lang='lat' dir='ltr'><strong>seculo</strong></span> <span class='ocrx_word' id='word_1_50' title='bbox 995 1164 1089 1238; x_wconf 90' lang='lat' dir='ltr'><strong>inter</strong></span> <span class='ocrx_word' id='word_1_51' title='bbox 1105 1165 1225 1236; x_wconf 86' lang='lat' dir='ltr'><strong>lucem</strong></span> 
     </span>
     <span class='ocr_line' id='line_1_8' title="bbox 172 1279 1228 1378; baseline 0 -26"><span class='ocrx_word' id='word_1_52' title='bbox 172 1280 411 1377; x_wconf 82' lang='lat' dir='ltr'><strong>tenebrasque</strong></span> <span class='ocrx_word' id='word_1_53' title='bbox 442 1279 561 1355; x_wconf 90' lang='lat' dir='ltr'><strong>medio</strong></span> <span class='ocrx_word' id='word_1_54' title='bbox 596 1281 761 1375; x_wconf 85' lang='lat' dir='ltr'><strong>eligenda</strong></span> <span class='ocrx_word' id='word_1_55' title='bbox 788 1290 865 1353; x_wconf 87' lang='lat' dir='ltr'><strong>erat</strong></span> <span class='ocrx_word' id='word_1_56' title='bbox 894 1281 1017 1353; x_wconf 88' lang='lat' dir='ltr'><strong>fabula</strong></span> <span class='ocrx_word' id='word_1_57' title='bbox 1046 1305 1126 1378; x_wconf 87' lang='lat' dir='ltr'><strong>quae</strong></span> <span class='ocrx_word' id='word_1_58' title='bbox 1156 1304 1228 1354; x_wconf 92' lang='lat' dir='ltr'><strong>una</strong></span> 
     </span>
    </p>
   </div>
   <div class='ocr_carea' id='block_1_3' title="bbox 172 1396 1352 1496">
    <p class='ocr_par' dir='ltr' id='par_1_3' title="bbox 172 1396 1352 1496">
     <span class='ocr_line' id='line_1_9' title="bbox 172 1396 1352 1496; baseline 0 -25"><span class='ocrx_word' id='word_1_59' title='bbox 172 1398 220 1471; x_wconf 86' lang='lat' dir='ltr'><strong>sit</strong></span> <span class='ocrx_word' id='word_1_60' title='bbox 236 1408 273 1471; x_wconf 90' lang='lat' dir='ltr'><strong>et</strong></span> <span class='ocrx_word' id='word_1_61' title='bbox 290 1399 402 1494; x_wconf 80' lang='lat' dir='ltr'><strong>justae</strong></span> <span class='ocrx_word' id='word_1_62' title='bbox 418 1397 689 1496; x_wconf 80' lang='lat' dir='ltr'><strong>magnitudinis.</strong></span> <span class='ocrx_word' id='word_1_63' title='bbox 742 1396 904 1494; x_wconf 83' lang='lat' dir='ltr'><strong>Vulgata</strong></span> <span class='ocrx_word' id='word_1_64' title='bbox 921 1409 976 1472; x_wconf 88' lang='lat' dir='ltr'><strong>est</strong></span> <span class='ocrx_word' id='word_1_65' title='bbox 996 1399 1057 1471; x_wconf 88' lang='lat' dir='ltr'><strong>illa</strong></span> <span class='ocrx_word' id='word_1_66' title='bbox 1074 1397 1228 1471; x_wconf 89' lang='lat' dir='ltr'><strong>Homeri</strong></span> <span class='ocrx_word' id='word_1_67' title='bbox 1348 1408 1352 1426; x_wconf 78' lang='grc'><strong>“</strong></span> 
     </span>
    </p>
   </div>
   <div class='ocr_carea' id='block_1_4' title="bbox 114 1514 1232 2765">
    <p class='ocr_par' dir='ltr' id='par_1_4' title="bbox 114 1514 1232 2765">
     <span class='ocr_line' id='line_1_10' title="bbox 171 1514 1228 1612; baseline 0.002 -26"><span class='ocrx_word' id='word_1_68' title='bbox 171 1515 252 1589; x_wconf 87' lang='lat' dir='ltr'><strong>laus</strong></span> <span class='ocrx_word' id='word_1_69' title='bbox 277 1517 494 1612; x_wconf 83' lang='lat' dir='ltr'><strong>particulam</strong></span> <span class='ocrx_word' id='word_1_70' title='bbox 519 1516 643 1612; x_wconf 90' lang='lat' dir='ltr'><strong>potius</strong></span> <span class='ocrx_word' id='word_1_71' title='bbox 667 1514 789 1612; x_wconf 84' lang='lat' dir='ltr'><strong>magni</strong></span> <span class='ocrx_word' id='word_1_72' title='bbox 814 1523 852 1588; x_wconf 92' lang='lat' dir='ltr'><strong>et</strong></span> <span class='ocrx_word' id='word_1_73' title='bbox 879 1515 1040 1588; x_wconf 86' lang='lat' dir='ltr'><strong>diuturni</strong></span> <span class='ocrx_word' id='word_1_74' title='bbox 1065 1515 1150 1588; x_wconf 95' lang='lat' dir='ltr'><strong>belli</strong></span> <span class='ocrx_word' id='word_1_75' title='bbox 1167 1517 1228 1588; x_wconf 92' lang='lat' dir='ltr'><strong>de·</strong></span> 
     </span>
     <span class='ocr_line' id='line_1_11' title="bbox 172 1632 1227 1731; baseline 0 -27"><span class='ocrx_word' id='word_1_76' title='bbox 172 1633 348 1728; x_wconf 77' lang='lat' dir='ltr'><strong>carpsisse</strong></span> <span class='ocrx_word' id='word_1_77' title='bbox 378 1657 491 1731; x_wconf 92' lang='lat' dir='ltr'><strong>quam</strong></span> <span class='ocrx_word' id='word_1_78' title='bbox 521 1633 559 1704; x_wconf 96' lang='lat' dir='ltr'><strong>in</strong></span> <span class='ocrx_word' id='word_1_79' title='bbox 590 1633 760 1706; x_wconf 90' lang='lat' dir='ltr'><strong>universo</strong></span> <span class='ocrx_word' id='word_1_80' title='bbox 791 1656 867 1706; x_wconf 87' lang='lat' dir='ltr'><strong>sese</strong></span> <span class='ocrx_word' id='word_1_81' title='bbox 897 1632 1133 1729; x_wconf 83' lang='lat' dir='ltr'><strong>implicuisse,</strong></span> <span class='ocrx_word' id='word_1_82' title='bbox 1163 1632 1227 1705; x_wconf 89' lang='lat' dir='ltr'><strong>sed</strong></span> 
     </span>
     <span class='ocr_line' id='line_1_12' title="bbox 173 1739 1229 1846; baseline 0.001 -25"><span class='ocrx_word' id='word_1_83' title='bbox 173 1749 271 1846; x_wconf 91' lang='lat' dir='ltr'><strong>quod</strong></span> <span class='ocrx_word' id='word_1_84' title='bbox 299 1772 398 1824; x_wconf 87' lang='lat' dir='ltr'><strong>nunc</strong></span> <span class='ocrx_word' id='word_1_85' title='bbox 424 1750 565 1845; x_wconf 85' lang='lat' dir='ltr'><strong>agimus</strong></span> <span class='ocrx_word' id='word_1_86' title='bbox 593 1774 639 1822; x_wconf 84' lang='lat' dir='ltr'><strong>ex</strong></span> <span class='ocrx_word' id='word_1_87' title='bbox 664 1739 821 1846; x_wconf 80' lang='lat' dir='ltr'><strong>Trojairo</strong></span> <span class='ocrx_word' id='word_1_88' title='bbox 846 1751 941 1824; x_wconf 90' lang='lat' dir='ltr'><strong>bello</strong></span> <span class='ocrx_word' id='word_1_89' title='bbox 967 1760 1003 1824; x_wconf 91' lang='lat' dir='ltr'><strong>et</strong></span> <span class='ocrx_word' id='word_1_90' title='bbox 1030 1749 1162 1822; x_wconf 91' lang='lat' dir='ltr'><strong>Iliados</strong></span> <span class='ocrx_word' id='word_1_91' title='bbox 1192 1758 1229 1822; x_wconf 91' lang='lat' dir='ltr'><strong>et</strong></span> 
     </span>
     <span class='ocr_line' id='line_1_13' title="bbox 173 1864 1228 1964; baseline 0 -27"><span class='ocrx_word' id='word_1_92' title='bbox 173 1864 345 1963; x_wconf 86' lang='lat' dir='ltr'><strong>Odysseae</strong></span> <span class='ocrx_word' id='word_1_93' title='bbox 370 1877 624 1963; x_wconf 84' lang='lat' dir='ltr'><strong>argumentum</strong></span> <span class='ocrx_word' id='word_1_94' title='bbox 651 1867 866 1964; x_wconf 88' lang='lat' dir='ltr'><strong>desumpsit,</strong></span> <span class='ocrx_word' id='word_1_95' title='bbox 894 1891 939 1942; x_wconf 86' lang='lat' dir='ltr'><strong>ex</strong></span> <span class='ocrx_word' id='word_1_96' title='bbox 965 1876 1098 1940; x_wconf 87' lang='lat' dir='ltr'><strong>eventu</strong></span> <span class='ocrx_word' id='word_1_97' title='bbox 1124 1866 1228 1939; x_wconf 85' lang='lat' dir='ltr'><strong>nimi-</strong></span> 
     </span>
     <span class='ocr_line' id='line_1_14' title="bbox 173 1984 1231 2082; baseline -0.001 -25"><span class='ocrx_word' id='word_1_98' title='bbox 173 2009 257 2057; x_wconf 90' lang='lat' dir='ltr'><strong>rum</strong></span> <span class='ocrx_word' id='word_1_99' title='bbox 275 1987 375 2058; x_wconf 92' lang='lat' dir='ltr'><strong>omni</strong></span> <span class='ocrx_word' id='word_1_100' title='bbox 394 1984 543 2059; x_wconf 85' lang='lat' dir='ltr'><strong>Graeciae</strong></span> <span class='ocrx_word' id='word_1_101' title='bbox 568 1987 703 2082; x_wconf 87' lang='lat' dir='ltr'><strong>pariter</strong></span> <span class='ocrx_word' id='word_1_102' title='bbox 728 1986 924 2059; x_wconf 83' lang='lat' dir='ltr'><strong>communi.</strong></span> <span class='ocrx_word' id='word_1_103' title='bbox 977 1986 1021 2058; x_wconf 95' lang='lat' dir='ltr'><strong>In</strong></span> <span class='ocrx_word' id='word_1_104' title='bbox 1038 1987 1107 2060; x_wconf 91' lang='lat' dir='ltr'><strong>hoo</strong></span> <span class='ocrx_word' id='word_1_105' title='bbox 1133 1984 1231 2058; x_wconf 89' lang='lat' dir='ltr'><strong>enim</strong></span> 
     </span>
     <span class='ocr_line' id='line_1_15' title="bbox 114 2103 1232 2210; baseline 0.002 -35"><span class='ocrx_word' id='word_1_106' title='bbox 114 2121 118 2128; x_wconf 89' lang='grc'><strong><em>·</em></strong></span> <span class='ocrx_word' id='word_1_107' title='bbox 173 2104 310 2176; x_wconf 91' lang='lat' dir='ltr'><strong>bellum</strong></span> <span class='ocrx_word' id='word_1_108' title='bbox 328 2111 366 2178; x_wconf 88' lang='lat' dir='ltr'><strong>et</strong></span> <span class='ocrx_word' id='word_1_109' title='bbox 385 2103 525 2177; x_wconf 84' lang='lat' dir='ltr'><strong>Graeoia</strong></span> <span class='ocrx_word' id='word_1_110' title='bbox 550 2103 629 2200; x_wconf 87' lang='lat' dir='ltr'><strong>ipsa</strong></span> <span class='ocrx_word' id='word_1_111' title='bbox 655 2105 701 2176; x_wconf 93' lang='lat' dir='ltr'><strong>ab</strong></span> <span class='ocrx_word' id='word_1_112' title='bbox 722 2114 884 2210; x_wconf 84' lang='lat' dir='ltr'><strong>extrema</strong></span> <span class='ocrx_word' id='word_1_113' title='bbox 901 2103 1142 2202; x_wconf 88' lang='lat' dir='ltr'><strong>Peloponnesi</strong></span> <span class='ocrx_word' id='word_1_114' title='bbox 1168 2128 1232 2177; x_wconf 91' lang='lat' dir='ltr'><strong>ora</strong></span> 
     </span>
     <span class='ocr_line' id='line_1_16' title="bbox 174 2221 1232 2318; baseline 0.002 -24"><span class='ocrx_word' id='word_1_115' title='bbox 174 2245 290 2318; x_wconf 90' lang='lat' dir='ltr'><strong>usque</strong></span> <span class='ocrx_word' id='word_1_116' title='bbox 317 2223 363 2295; x_wconf 91' lang='lat' dir='ltr'><strong>ad</strong></span> <span class='ocrx_word' id='word_1_117' title='bbox 390 2222 585 2296; x_wconf 87' lang='lat' dir='ltr'><strong>Thessaliae</strong></span> <span class='ocrx_word' id='word_1_118' title='bbox 612 2231 649 2295; x_wconf 91' lang='lat' dir='ltr'><strong>et</strong></span> <span class='ocrx_word' id='word_1_119' title='bbox 677 2221 901 2296; x_wconf 85' lang='lat' dir='ltr'><strong>Macedoniae</strong></span> <span class='ocrx_word' id='word_1_120' title='bbox 929 2224 1020 2296; x_wconf 89' lang='lat' dir='ltr'><strong>fines</strong></span> <span class='ocrx_word' id='word_1_121' title='bbox 1047 2233 1232 2296; x_wconf 87' lang='lat' dir='ltr'><strong>commota</strong></span> 
     </span>
     <span class='ocr_line' id='line_1_17' title="bbox 174 2337 1231 2435; baseline 0.001 -25"><span class='ocrx_word' id='word_1_122' title='bbox 174 2348 252 2426; x_wconf 80' lang='lat' dir='ltr'><strong>est3</strong></span> <span class='ocrx_word' id='word_1_123' title='bbox 280 2337 320 2412; x_wconf 93' lang='lat' dir='ltr'><strong>in</strong></span> <span class='ocrx_word' id='word_1_124' title='bbox 343 2338 413 2412; x_wconf 90' lang='lat' dir='ltr'><strong>hoe</strong></span> <span class='ocrx_word' id='word_1_125' title='bbox 439 2345 476 2411; x_wconf 92' lang='lat' dir='ltr'><strong>et</strong></span> <span class='ocrx_word' id='word_1_126' title='bbox 503 2338 677 2412; x_wconf 89' lang='lat' dir='ltr'><strong>finitimas</strong></span> <span class='ocrx_word' id='word_1_127' title='bbox 707 2345 846 2435; x_wconf 82' lang='lat' dir='ltr'><strong>gentes,</strong></span> <span class='ocrx_word' id='word_1_128' title='bbox 875 2349 911 2413; x_wconf 90' lang='lat' dir='ltr'><strong>et</strong></span> <span class='ocrx_word' id='word_1_129' title='bbox 941 2339 1103 2414; x_wconf 90' lang='lat' dir='ltr'><strong>colonias</strong></span> <span class='ocrx_word' id='word_1_130' title='bbox 1134 2361 1231 2425; x_wconf 87' lang='lat' dir='ltr'><strong>suas,</strong></span> 
     </span>
     <span class='ocr_line' id='line_1_18' title="bbox 175 2455 1232 2552; baseline 0 -25"><span class='ocrx_word' id='word_1_131' title='bbox 175 2479 256 2550; x_wconf 89' lang='lat' dir='ltr'><strong>quae</strong></span> <span class='ocrx_word' id='word_1_132' title='bbox 281 2461 362 2528; x_wconf 92' lang='lat' dir='ltr'><strong>tum</strong></span> <span class='ocrx_word' id='word_1_133' title='bbox 387 2461 502 2544; x_wconf 88' lang='lat' dir='ltr'><strong>erant,</strong></span> <span class='ocrx_word' id='word_1_134' title='bbox 522 2455 680 2530; x_wconf 87' lang='lat' dir='ltr'><strong>concivit</strong></span> <span class='ocrx_word' id='word_1_135' title='bbox 694 2487 704 2546; x_wconf 92' lang='lat'>;</span> <span class='ocrx_word' id='word_1_136' title='bbox 731 2457 770 2529; x_wconf 92' lang='lat' dir='ltr'><strong>in</strong></span> <span class='ocrx_word' id='word_1_137' title='bbox 784 2455 854 2529; x_wconf 87' lang='lat' dir='ltr'><strong>hoo</strong></span> <span class='ocrx_word' id='word_1_138' title='bbox 880 2455 1009 2552; x_wconf 90' lang='lat' dir='ltr'><strong>positis</strong></span> <span class='ocrx_word' id='word_1_139' title='bbox 1027 2461 1083 2529; x_wconf 90' lang='lat' dir='ltr'><strong>tot</strong></span> <span class='ocrx_word' id='word_1_140' title='bbox 1111 2455 1232 2550; x_wconf 87' lang='lat' dir='ltr'><strong>singu-</strong></span> 
     </span>
     <span class='ocr_line' id='line_1_19' title="bbox 174 2571 1232 2670; baseline -0.001 -25"><span class='ocrx_word' id='word_1_141' title='bbox 174 2574 294 2646; x_wconf 86' lang='lat' dir='ltr'><strong>larum</strong></span> <span class='ocrx_word' id='word_1_142' title='bbox 320 2573 485 2670; x_wconf 89' lang='lat' dir='ltr'><strong>gentium</strong></span> <span class='ocrx_word' id='word_1_143' title='bbox 513 2573 605 2646; x_wconf 92' lang='lat' dir='ltr'><strong>odiis</strong></span> <span class='ocrx_word' id='word_1_144' title='bbox 632 2580 670 2646; x_wconf 87' lang='lat' dir='ltr'><strong>et</strong></span> <span class='ocrx_word' id='word_1_145' title='bbox 696 2572 896 2648; x_wconf 86' lang='lat' dir='ltr'><strong>inimicitiis</strong></span> <span class='ocrx_word' id='word_1_146' title='bbox 925 2597 990 2669; x_wconf 91' lang='lat' dir='ltr'><strong>per</strong></span> <span class='ocrx_word' id='word_1_147' title='bbox 1015 2571 1232 2646; x_wconf 89' lang='lat' dir='ltr'><strong>decennium</strong></span> 
     </span>
     <span class='ocr_line' id='line_1_20' title="bbox 174 2691 433 2765; baseline 0.012 -3"><span class='ocrx_word' id='word_1_148' title='bbox 174 2691 360 2765; x_wconf 87' lang='lat' dir='ltr'><strong>consensit</strong></span> <span class='ocrx_word' id='word_1_149' title='bbox 373 2723 433 2764; x_wconf 75' lang='grc' dir='ltr'><strong>ι·-</strong></span> 
     </span>
    </p>
   </div>
   <div class='ocr_carea' id='block_1_5' title="bbox 331 2879 1019 3053">
    <p class='ocr_par' dir='ltr' id='par_1_5' title="bbox 331 2879 1019 3053">
     <span class='ocr_line' id='line_1_21' title="bbox 331 2879 970 2958; baseline -0.002 -20"><span class='ocrx_word' id='word_1_150' title='bbox 331 2879 367 2938; x_wconf 80' lang='grc' dir='ltr'><strong>Ὠ</strong></span> <span class='ocrx_word' id='word_1_151' title='bbox 379 2885 464 2957; x_wconf 76' lang='grc' dir='ltr'>μάκαρ</span> <span class='ocrx_word' id='word_1_152' title='bbox 477 2883 604 2957; x_wconf 70' lang='grc' dir='ltr'>’Δτρείδιμ</span> <span class='ocrx_word' id='word_1_153' title='bbox 618 2885 777 2958; x_wconf 65' lang='grc' dir='ltr'>μοιρηγενὲς,</span> <span class='ocrx_word' id='word_1_154' title='bbox 791 2883 970 2954; x_wconf 79' lang='grc' dir='ltr'>ὀλβιόδαιμον,</span> 
     </span>
     <span class='ocr_line' id='line_1_22' title="bbox 331 2973 1019 3053; baseline -0.001 -18"><span class='ocrx_word' id='word_1_155' title='bbox 331 2975 370 3035; x_wconf 82' lang='grc' dir='ltr'>Ἠ</span> <span class='ocrx_word' id='word_1_156' title='bbox 383 2979 417 3053; x_wconf 78' lang='grc' dir='ltr'><strong>ῥά</strong></span> <span class='ocrx_word' id='word_1_157' title='bbox 431 2978 461 3036; x_wconf 75' lang='lat' dir='ltr'><strong>vri</strong></span> <span class='ocrx_word' id='word_1_158' title='bbox 473 3003 514 3036; x_wconf 86' lang='grc' dir='ltr'><strong>τοι</strong></span> <span class='ocrx_word' id='word_1_159' title='bbox 527 2984 626 3038; x_wconf 76' lang='grc' dir='ltr'>πολλοὶ</span> <span class='ocrx_word' id='word_1_160' title='bbox 639 2979 766 3052; x_wconf 74' lang='grc' dir='ltr'>δεδμήατο</span> <span class='ocrx_word' id='word_1_161' title='bbox 781 2985 869 3052; x_wconf 83' lang='grc' dir='ltr'>κοῦροι</span> <span class='ocrx_word' id='word_1_162' title='bbox 882 2979 995 3052; x_wconf 82' lang='grc' dir='ltr'>’Δχαιῶν</span> <span class='ocrx_word' id='word_1_163' title='bbox 1004 2973 1019 3033; x_wconf 71' lang='lat'><strong>¹.</strong></span> 
     </span>
    </p>
   </div>
   <div class='ocr_carea' id='block_1_6' title="bbox 174 3153 1240 4316">
    <p class='ocr_par' dir='ltr' id='par_1_6' title="bbox 174 3153 1240 4316">
     <span class='ocr_line' id='line_1_23' title="bbox 175 3153 1234 3252; baseline 0.001 -24"><span class='ocrx_word' id='word_1_164' title='bbox 175 3153 315 3228; x_wconf 89' lang='lat' dir='ltr'><strong>Habuit</strong></span> <span class='ocrx_word' id='word_1_165' title='bbox 350 3154 474 3252; x_wconf 85' lang='lat' dir='ltr'><strong>itaque</strong></span> <span class='ocrx_word' id='word_1_166' title='bbox 506 3156 708 3252; x_wconf 88' lang='lat' dir='ltr'><strong>Trojanum</strong></span> <span class='ocrx_word' id='word_1_167' title='bbox 739 3156 877 3229; x_wconf 90' lang='lat' dir='ltr'><strong>bellum</strong></span> <span class='ocrx_word' id='word_1_168' title='bbox 906 3155 996 3230; x_wconf 90' lang='lat' dir='ltr'><strong>illud</strong></span> <span class='ocrx_word' id='word_1_169' title='bbox 1026 3179 1110 3230; x_wconf 86' lang='lat' dir='ltr'><strong>cum</strong></span> <span class='ocrx_word' id='word_1_170' title='bbox 1141 3156 1234 3252; x_wconf 82' lang='lat' dir='ltr'><strong>anti·</strong></span> 
     </span>
     <span class='ocr_line' id='line_1_24' title="bbox 174 3271 1234 3372; baseline 0.001 -27"><span class='ocrx_word' id='word_1_171' title='bbox 174 3273 360 3370; x_wconf 89' lang='lat' dir='ltr'><strong>quissimis</strong></span> <span class='ocrx_word' id='word_1_172' title='bbox 387 3271 765 3370; x_wconf 81' lang='lat' dir='ltr'><strong>Graeciaeoriginibus</strong></span> <span class='ocrx_word' id='word_1_173' title='bbox 791 3297 997 3359; x_wconf 86' lang='lat' dir='ltr'><strong>commune,</strong></span> <span class='ocrx_word' id='word_1_174' title='bbox 1024 3296 1097 3345; x_wconf 93' lang='lat' dir='ltr'><strong>non</strong></span> <span class='ocrx_word' id='word_1_175' title='bbox 1123 3273 1234 3372; x_wconf 85' lang='lat' dir='ltr'><strong>unius</strong></span> 
     </span>
     <span class='ocr_line' id='line_1_25' title="bbox 174 3389 1233 3489; baseline 0.001 -27"><span class='ocrx_word' id='word_1_176' title='bbox 174 3389 293 3486; x_wconf 80' lang='lat' dir='ltr'><strong>gentis</strong></span> <span class='ocrx_word' id='word_1_177' title='bbox 317 3396 382 3463; x_wconf 87' lang='lat' dir='ltr'><strong>aut</strong></span> <span class='ocrx_word' id='word_1_178' title='bbox 398 3391 470 3464; x_wconf 86' lang='lat' dir='ltr'><strong>loci</strong></span> <span class='ocrx_word' id='word_1_179' title='bbox 492 3391 617 3478; x_wconf 89' lang='lat' dir='ltr'><strong>suisse,</strong></span> <span class='ocrx_word' id='word_1_180' title='bbox 637 3390 700 3464; x_wconf 88' lang='lat' dir='ltr'><strong>sed</strong></span> <span class='ocrx_word' id='word_1_181' title='bbox 726 3389 904 3488; x_wconf 87' lang='lat' dir='ltr'><strong>conjurati</strong></span> <span class='ocrx_word' id='word_1_182' title='bbox 930 3389 1057 3489; x_wconf 89' lang='lat' dir='ltr'><strong>populi</strong></span> <span class='ocrx_word' id='word_1_183' title='bbox 1075 3412 1233 3477; x_wconf 89' lang='lat' dir='ltr'><strong>oausam,</strong></span> 
     </span>
     <span class='ocr_line' id='line_1_26' title="bbox 174 3506 1233 3604; baseline -0.002 -26"><span class='ocrx_word' id='word_1_184' title='bbox 174 3531 254 3602; x_wconf 89' lang='lat' dir='ltr'><strong>quae</strong></span> <span class='ocrx_word' id='word_1_185' title='bbox 273 3530 390 3604; x_wconf 90' lang='lat' dir='ltr'><strong>neque</strong></span> <span class='ocrx_word' id='word_1_186' title='bbox 416 3508 455 3580; x_wconf 94' lang='lat' dir='ltr'><strong>in</strong></span> <span class='ocrx_word' id='word_1_187' title='bbox 473 3507 635 3581; x_wconf 87' lang='lat' dir='ltr'><strong>obscuris</strong></span> <span class='ocrx_word' id='word_1_188' title='bbox 653 3507 882 3603; x_wconf 88' lang='lat' dir='ltr'><strong>singulorum</strong></span> <span class='ocrx_word' id='word_1_189' title='bbox 909 3507 1158 3578; x_wconf 90' lang='lat' dir='ltr'><strong>monumentis</strong></span> <span class='ocrx_word' id='word_1_190' title='bbox 1181 3506 1233 3577; x_wconf 89' lang='lat' dir='ltr'><strong>le-</strong></span> 
     </span>
     <span class='ocr_line' id='line_1_27' title="bbox 174 3621 1232 3719; baseline -0.001 -25"><span class='ocrx_word' id='word_1_191' title='bbox 174 3623 287 3711; x_wconf 88' lang='lat' dir='ltr'><strong>tebat,</strong></span> <span class='ocrx_word' id='word_1_192' title='bbox 306 3624 370 3696; x_wconf 90' lang='lat' dir='ltr'><strong>sed</strong></span> <span class='ocrx_word' id='word_1_193' title='bbox 394 3623 489 3697; x_wconf 85' lang='lat' dir='ltr'><strong>sama</strong></span> <span class='ocrx_word' id='word_1_194' title='bbox 515 3630 625 3719; x_wconf 86' lang='lat' dir='ltr'><strong>atque</strong></span> <span class='ocrx_word' id='word_1_195' title='bbox 652 3648 714 3696; x_wconf 92' lang='lat' dir='ltr'><strong>ore</strong></span> <span class='ocrx_word' id='word_1_196' title='bbox 740 3623 904 3696; x_wconf 92' lang='lat' dir='ltr'><strong>omnium</strong></span> <span class='ocrx_word' id='word_1_197' title='bbox 923 3621 1232 3717; x_wconf 84' lang='lat' dir='ltr'><strong>frequentabatur,</strong></span> 
     </span>
     <span class='ocr_line' id='line_1_28' title="bbox 174 3735 1236 3836; baseline -0.001 -26"><span class='ocrx_word' id='word_1_198' title='bbox 174 3746 284 3836; x_wconf 89' lang='lat' dir='ltr'><strong>atque</strong></span> <span class='ocrx_word' id='word_1_199' title='bbox 319 3738 484 3813; x_wconf 91' lang='lat' dir='ltr'><strong>omnium</strong></span> <span class='ocrx_word' id='word_1_200' title='bbox 518 3740 659 3815; x_wconf 89' lang='lat' dir='ltr'><strong>animos</strong></span> <span class='ocrx_word' id='word_1_201' title='bbox 695 3745 834 3814; x_wconf 86' lang='lat' dir='ltr'><strong>erectos</strong></span> <span class='ocrx_word' id='word_1_202' title='bbox 870 3739 1039 3812; x_wconf 86' lang='lat' dir='ltr'><strong>habebat.</strong></span> <span class='ocrx_word' id='word_1_203' title='bbox 1095 3735 1236 3833; x_wconf 84' lang='lat' dir='ltr'><strong>Singuli</strong></span> 
     </span>
     <span class='ocr_line' id='line_1_29' title="bbox 174 3851 1236 3954; baseline -0.001 -26"><span class='ocrx_word' id='word_1_204' title='bbox 174 3855 274 3928; x_wconf 92' lang='lat' dir='ltr'><strong>enim</strong></span> <span class='ocrx_word' id='word_1_205' title='bbox 303 3880 406 3952; x_wconf 84' lang='lat' dir='ltr'><strong>reges</strong></span> <span class='ocrx_word' id='word_1_206' title='bbox 437 3864 474 3930; x_wconf 92' lang='lat' dir='ltr'><strong>et</strong></span> <span class='ocrx_word' id='word_1_207' title='bbox 506 3856 688 3954; x_wconf 84' lang='lat' dir='ltr'><strong>principes</strong></span> <span class='ocrx_word' id='word_1_208' title='bbox 717 3879 792 3929; x_wconf 93' lang='lat' dir='ltr'><strong>non</strong></span> <span class='ocrx_word' id='word_1_209' title='bbox 823 3860 970 3927; x_wconf 89' lang='lat' dir='ltr'><strong>tantum</strong></span> <span class='ocrx_word' id='word_1_210' title='bbox 998 3851 1121 3950; x_wconf 91' lang='lat' dir='ltr'><strong>copias</strong></span> <span class='ocrx_word' id='word_1_211' title='bbox 1141 3876 1236 3927; x_wconf 87' lang='lat' dir='ltr'><strong>suas</strong></span> 
     </span>
     <span class='ocr_line' id='line_1_30' title="bbox 176 3970 1236 4073; baseline -0.002 -28"><span class='ocrx_word' id='word_1_212' title='bbox 176 3972 367 4063; x_wconf 91' lang='lat' dir='ltr'><strong>miserunt,</strong></span> <span class='ocrx_word' id='word_1_213' title='bbox 387 3975 450 4047; x_wconf 92' lang='lat' dir='ltr'><strong>sed</strong></span> <span class='ocrx_word' id='word_1_214' title='bbox 469 3974 539 4073; x_wconf 89' lang='lat' dir='ltr'><strong>ipsi</strong></span> <span class='ocrx_word' id='word_1_215' title='bbox 564 3983 760 4070; x_wconf 85' lang='lat' dir='ltr'><strong>praesentes</strong></span> <span class='ocrx_word' id='word_1_216' title='bbox 786 3970 1003 4059; x_wconf 85' lang='lat' dir='ltr'><strong>adfuerunt;</strong></span> <span class='ocrx_word' id='word_1_217' title='bbox 1031 3975 1140 4068; x_wconf 87' lang='lat' dir='ltr'><strong>turpe</strong></span> <span class='ocrx_word' id='word_1_218' title='bbox 1157 3976 1236 4044; x_wconf 87' lang='lat' dir='ltr'><strong>erat</strong></span> 
     </span>
     <span class='ocr_line' id='line_1_31' title="bbox 175 4087 1237 4167; baseline 0 -6"><span class='ocrx_word' id='word_1_219' title='bbox 175 4088 214 4162; x_wconf 94' lang='lat' dir='ltr'><strong>in</strong></span> <span class='ocrx_word' id='word_1_220' title='bbox 227 4095 331 4163; x_wconf 87' lang='lat' dir='ltr'><strong>tanto</strong></span> <span class='ocrx_word' id='word_1_221' title='bbox 348 4093 514 4167; x_wconf 76' lang='lat' dir='ltr'><strong>omniurn</strong></span> <span class='ocrx_word' id='word_1_222' title='bbox 531 4092 660 4166; x_wconf 89' lang='lat' dir='ltr'><strong>ardore</strong></span> <span class='ocrx_word' id='word_1_223' title='bbox 678 4090 777 4165; x_wconf 89' lang='lat' dir='ltr'><strong>domi</strong></span> <span class='ocrx_word' id='word_1_224' title='bbox 795 4088 968 4164; x_wconf 87' lang='lat' dir='ltr'><strong>desidere.</strong></span> <span class='ocrx_word' id='word_1_225' title='bbox 1010 4087 1100 4161; x_wconf 77' lang='lat' dir='ltr'><strong>Haeo</strong></span> <span class='ocrx_word' id='word_1_226' title='bbox 1114 4087 1237 4162; x_wconf 86' lang='lat' dir='ltr'><strong>Achil-</strong></span> 
     </span>
     <span class='ocr_line' id='line_1_32' title="bbox 175 4205 1240 4316; baseline 0.002 -38"><span class='ocrx_word' id='word_1_227' title='bbox 175 4205 221 4316; x_wconf 83' lang='lat' dir='ltr'><strong>lis</strong></span> <span class='ocrx_word' id='word_1_228' title='bbox 246 4208 429 4306; x_wconf 86' lang='lat' dir='ltr'><strong>praecipua</strong></span> <span class='ocrx_word' id='word_1_229' title='bbox 454 4220 531 4282; x_wconf 87' lang='lat' dir='ltr'><strong>erat</strong></span> <span class='ocrx_word' id='word_1_230' title='bbox 556 4209 682 4306; x_wconf 86' lang='lat' dir='ltr'><strong>gloria,</strong></span> <span class='ocrx_word' id='word_1_231' title='bbox 701 4210 807 4283; x_wconf 90' lang='lat' dir='ltr'><strong>malle</strong></span> <span class='ocrx_word' id='word_1_232' title='bbox 831 4209 908 4282; x_wconf 85' lang='lat' dir='ltr'><strong>fato</strong></span> <span class='ocrx_word' id='word_1_233' title='bbox 933 4218 970 4281; x_wconf 89' lang='lat' dir='ltr'><strong>et</strong></span> <span class='ocrx_word' id='word_1_234' title='bbox 996 4213 1102 4280; x_wconf 85' lang='lat' dir='ltr'><strong>oertae</strong></span> <span class='ocrx_word' id='word_1_235' title='bbox 1128 4207 1240 4280; x_wconf 87' lang='lat' dir='ltr'><strong>morti</strong></span> 
     </span>
    </p>
   </div>
   <div class='ocr_carea' id='block_1_7' title="bbox 257 4425 1157 4504">
    <p class='ocr_par' dir='ltr' id='par_1_7' title="bbox 257 4425 1157 4504">
     <span class='ocr_line' id='line_1_33' title="bbox 257 4425 1157 4504; baseline 0 -16"><span class='ocrx_word' id='word_1_236' title='bbox 257 4428 409 4489; x_wconf 71' lang='lat' dir='ltr'><strong>‘Aristot</strong></span> <span class='ocrx_word' id='word_1_237' title='bbox 425 4428 584 4498; x_wconf 67' lang='lat' dir='ltr'><strong>Prodlam„</strong></span> <span class='ocrx_word' id='word_1_238' title='bbox 599 4429 677 4489; x_wconf 83' lang='lat' dir='ltr'><strong>Seet.</strong></span> <span class='ocrx_word' id='word_1_239' title='bbox 693 4456 727 4504; x_wconf 71' lang='lat' dir='ltr'><strong>q.</strong></span> <span class='ocrx_word' id='word_1_240' title='bbox 965 4425 1034 4489; x_wconf 73' lang='lat' dir='ltr'><strong>‘IL</strong></span> <span class='ocrx_word' id='word_1_241' title='bbox 1050 4441 1078 4488; x_wconf 73' lang='lat'><strong>1¹.</strong></span> <span class='ocrx_word' id='word_1_242' title='bbox 1094 4431 1157 4488; x_wconf 82' lang='lat'><em>182.</em></span> 
     </span>
    </p>
   </div>
   <div class='ocr_carea' id='block_1_8' title="bbox 0 0 1542 4908">
    <p class='ocr_par' dir='ltr' id='par_1_8' title="bbox 0 0 1542 4908">
     <span class='ocr_line' id='line_1_34' title="bbox 0 0 1542 4908; baseline 0 0"><span class='ocrx_word' id='word_1_243' title='bbox 0 0 1542 4908; x_wconf 95' lang='lat' dir='ltr'><strong> </strong></span> 
     </span>
    </p>
   </div>
  </div>
 </body>
</html>
