3096 4886
481 1019 837 1136 enmonomo'
867 1041 1102 1144 ennom

657 1289 916 1305 -——

321 1455 408 1530 UAE
432 1457 476 1531 de
501 1456 614 1532 totius
638 1456 787 1532 Graeoiae
810 1465 908 1533 statu
931 1460 1107 1536 hactenus
1131 1463 1315 1562 disputata

346 1579 444 1661 sunt,
467 1597 542 1648 non
563 1599 607 1648 eo
633 1585 778 1648 tontum
804 1576 949 1650 nomine
976 1580 1065 1652 mihi
1091 1581 1315 1659 discutienda

262 1691 414 1787 suscepi,
442 1692 540 1788 quod
563 1715 627 1788 per
650 1717 688 1766 se
709 1715 840 1788 magno
865 1699 963 1783 sunt,
986 1697 1049 1768 sed
1075 1725 1147 1794 qno
1173 1701 1312 1778 facilius

261 1815 299 1878 et
316 1807 450 1881 rectius
472 1808 518 1881 ad
542 1832 622 1881 enm
646 1808 856 1905 quaestionis
881 1817 1015 1885 nostrae
1041 1839 1122 1908 quae
1148 1830 1313 1913 superest

259 1933 400 2021 partem
431 1925 673 1999 deveniamus.
728 1925 876 2000 Frustra
901 1929 998 2001 enim
1024 1931 1121 2026 apud
1147 1933 1312 2008 homines

258 2064 407 2139 prorsus
423 2042 579 2116 incultos
596 2053 633 2116 et
650 2042 847 2118 bestiarum
870 2045 944 2118 ritu
967 2044 1106 2120 victum
1126 2047 1211 2122 hinc
1228 2049 1312 2124 inde

259 2171 459 2258 quaerentes
482 2164 579 2259 leges
602 2165 640 2236 et
660 2161 829 2236 instituto
853 2163 974 2238 civilis
992 2165 1163 2262 requiras.
1215 2169 1313 2244 Tum

259 2279 407 2352 demum
424 2278 462 2351 in
480 2279 538 2352 his
554 2279 662 2352 rebus
677 2279 813 2352 versari
830 2279 986 2368 discunt,
1006 2304 1092 2354 cum
1114 2282 1154 2356 in
1177 2283 1311 2360 finibus

257 2394 334 2469 suis
359 2395 612 2492 conquiescere
637 2400 675 2469 et
692 2394 775 2470 vitae
800 2396 999 2471 commodis
1023 2399 1167 2474 studere
1192 2425 1312 2476 assue-

256 2513 375 2587 verint
387 2544 398 2601 ;
423 2514 521 2587 unde
547 2513 687 2587 factum
711 2523 778 2602 est,
796 2519 840 2586 ut
862 2515 1008 2588 eosdem
1034 2540 1126 2612 qnos
1149 2514 1187 2589 iu
1210 2520 1312 2593 omni

259 2627 397 2703 Graecia
412 2628 639 2726 agnovimus,
654 2629 692 2703 in
709 2630 860 2728 singulis
877 2631 987 2706 etism
1004 2631 1212 2706 civitatibus
1228 2659 1311 2732 pro·

256 2769 402 2844 gressus
431 2769 715 2842 agnosceremus.
768 2747 886 2821 Erunt
917 2745 1090 2822 nimirum
1120 2749 1231 2824 etiam
1264 2775 1310 2824 ex

255 2865 324 2940 hac
349 2869 452 2963 psrtc
479 2863 645 2961 quaednm
667 2887 742 2938 non
769 2864 924 2939 obscura
948 2888 1163 2960 magnorum
1188 2889 1310 2942 rerum

254 2981 459 3080 primordio.
511 2981 598 3055 Jom
620 3004 705 3054 vero
723 2980 827 3078 quasi
848 2980 950 3055 aditu
967 2981 1054 3054 dcto
1072 2982 1215 3080 singula
1231 3007 1311 3081 per·

255 3109 472 3174 scrutemur.

304 3213 361 3288 Ut
376 3215 488 3312 igitur
503 3215 549 3289 ab
565 3215 629 3288 illo
646 3215 746 3311 quod
768 3213 970 3289 maximum
992 3222 1049 3291 est
1065 3217 1248 3316 incipiam,
1268 3241 1311 3294 cs

253 3355 319 3430 per
338 3332 544 3408 universnm
571 3330 748 3407 Graecism
771 3330 925 3406 invaluit
949 3332 1170 3431 Reipublicae
1192 3335 1310 3410 forma

253 3475 335 3548 quae
368 3450 407 3523 in
440 3451 503 3523 illa
529 3474 650 3524 rerum
682 3450 925 3524 humanarum
958 3452 1193 3528 conversione
1228 3479 1308 3551 quae

248 3579 358 3676 juxta
381 3589 552 3655 naturam
578 3578 656 3654 fieri
681 3578 774 3653 solet
805 3573 844 3650 ἐν
872 3572 917 3676 τῇ
946 3574 1145 3652 πολιτειῶν
1173 3575 1307 3653 ἀνακυ-

253 3699 395 3782 stoica
412 3709 523 3808 (quod
540 3710 643 3783 aiunt
661 3708 780 3783 Graeci
790 3714 815 3800 ⁸)
838 3701 936 3805 ἕντῇ
952 3697 1103 3807 φυσέως
1117 3701 1309 3810 οἰκονομίᾳ

251 3827 346 3901 inter
362 3825 498 3925 primas
516 3826 783 3902 adnumeranda
806 3834 875 3915 est,
899 3849 974 3898 non
1000 3825 1100 3899 iilam
1126 3824 1208 3900 dico
1226 3851 1307 3924 quae

249 3945 346 4018 inter
378 3947 473 4019 male
506 3943 730 4019 consociatos
764 3942 931 4017 homines
962 3947 999 4017 et
1026 3943 1087 4016 vix
1117 3942 1154 4016 in
1188 3969 1306 4020 unum

250 4065 395 4136 coactos
419 4063 543 4137 locum
566 4061 687 4151 habet,
715 4061 746 4134 si
770 4062 865 4135 forte
890 4059 1081 4159 quisquam
1108 4061 1221 4136 animi
1244 4089 1306 4137 au·
