3094 4898
306 207 368 267 1520
629 227 841 274 rnnrncrro
863 227 1031 275 snrrmrr.

253 359 257 366 ⁵
305 374 485 449 Adstabat
518 375 628 448 etiam
662 376 877 449 caduceator
905 375 969 471 qui
1003 399 1088 447 eum
1118 375 1156 446 in
1190 399 1362 448 coronam

306 492 511 578 deduceret,
530 499 567 564 et
585 492 757 564 citharam
775 492 829 564 illi
845 491 885 563 in
901 515 1032 563 manus
1049 492 1229 564 traderetr
1242 522 1305 562 :-

466 645 554 715 Κῆρυξ
567 643 592 698 δ’
606 643 715 716 ἐγγύθεν
728 642 808 712 ἦλθεν
820 645 890 717 ἆγον
902 641 1004 716 ε’ρίηρον
1016 645 1114 700 αόιδόν.

467 765 555 836 Κῆρυξ
568 763 590 818 δ’
604 766 631 820 ἐν
643 767 737 837 χερσὶν
751 765 850 836 κίθαριν
863 767 1021 836 περικαλλέα
1034 765 1096 833 Oritur

465 861 562 934 Φημίῳ,
577 859 605 917 ὅς
616 859 643 933 ρ’
658 861 725 930 ἤειδε
738 863 807 933 παρὰ
821 863 983 932 μνηστῆρσιν
996 860 1103 932 ἀνάγκη.

308 985 471 1058 Eundem
487 986 729 1082 suspiciebant
744 1011 868 1059 omues
886 996 1057 1083 tanquam
1075 986 1197 1060 divino
1215 984 1364 1057 numine

309 1103 470 1194 afflatum
487 1110 526 1174 et
543 1102 672 1174 eximia
690 1103 859 1175 facultate
875 1103 1071 1198 praeditum
1081 1109 1092 1137 ⁸
1104 1133 1167 1174 :-

468 1256 517 1307 Τὸν
528 1255 588 1324 πέρι
601 1253 678 1322 μοῦσ“
693 1254 815 1325 ἐφίλησε,
830 1254 903 1308 didon
916 1252 939 1307 δ’
954 1252 1052 1324 ἀγαθόν
1064 1274 1093 1306 τε
1107 1254 1184 1305 κακόν
1196 1273 1234 1316 τε,

469 1347 632 1440 Ὀφθαλμῶν
643 1351 690 1419 μὲν
702 1350 810 1422 ἄμερσε,
824 1350 896 1404 δίδον
909 1347 934 1403 δ’
948 1349 1034 1418 ἡδεῖαν
1047 1347 1144 1418 ἇσιδην.

309 1457 357 1529 Et
375 1457 507 1532 iberum
517 1459 527 1497 ²
539 1493 601 1532 ι-
1046 1461 1050 1468 ’
1095 1455 1099 1460 ’

371 1597 378 1604 ’
467 1596 602 1666 Δημόδοκ’,
617 1597 697 1667 ἔξοχα
712 1596 742 1666 δη
757 1619 790 1651 σε
804 1598 908 1668 βροτῶν
920 1597 1027 1666 αι’νίζομ’
1042 1597 1172 1657 ἁπάντων,

464 1693 506 1748 Ἥ
521 1697 596 1766 σέγε
609 1693 687 1764 μοῦσ’
702 1693 804 1761 ἐδίδαξε
819 1696 879 1750 Διὸς
891 1697 960 1761 παῖς,
975 1693 990 1762 ἦ
1004 1692 1039 1747 σε’
1046 1691 1071 1764 γ’
1083 1689 1232 1746 Ἀπόλλων.

310 1817 367 1890 Dc
391 1842 457 1891 sua
482 1817 590 1891 etiam
615 1825 692 1892 arte
718 1819 889 1892 Phemius
915 1827 1092 1914 tanquam
1116 1818 1263 1890 minime
1287 1817 1368 1887 vul·

311 1938 422 2026 gare¹¹
436 1960 497 2002 :—

468 2066 655 2123 Αὖτοδίδακτοι
668 2065 693 2120 δ’
708 2067 768 2137 cipi,
784 2069 842 2124 θεὸς
855 2067 885 2122 δι’
896 2090 941 2137 μοι
954 2068 982 2123 ἐν
995 2069 1093 2139 φρεσὶν
1106 2065 1180 2136 οἶμαι

468 2163 596 2219 Ποποίοι
609 2163 731 2234 ε’νέφυσε.

311 2287 410 2360 Hinc
440 2288 582 2384 poetica
610 2290 664 2364 vis
695 2289 879 2362 divinandi
909 2290 980 2362 orti
1010 2289 1126 2361 affinis
1156 2288 1369 2374 habebatur,

311 2442 384 2514 quo
414 2416 557 2514 quidem
593 2443 702 2491 sensu
736 2419 925 2513 epitheton
955 2418 1045 2490 illud
1075 2407 1210 2488 θέσπιν
1241 2404 1371 2485 ἀοιδὸν

187 2573 208 2602 .
310 2532 462 2628 intelligi
496 2537 576 2607 vult
606 2534 834 2621 Eustathius,
863 2541 900 2607 et
930 2543 1031 2607 vates
1060 2535 1150 2606 adeo
1181 2533 1259 2629 ipse
1288 2531 1371 2604 Diis

314 2651 446 2724 charus
465 2661 502 2724 et
519 2675 682 2748 personae
700 2658 966 2725 sacrosanctae¹
979 2682 1041 2722 :-

473 2807 548 2880 Ar'rrq‘r
562 2828 607 2860 σοι
620 2802 758 2876 μετόπισθ’
773 2805 838 2876 ἄχος
850 2804 968 2870 ἔσσεται,
982 2801 1062 2858 εἶκεν
1074 2802 1163 2857 ἇοιδδν

472 2901 589 2972 Πέφνηε.

364 3027 455 3098 Haec
480 3027 602 3123 itaque
627 3029 747 3101 omnia
772 3027 858 3100 artis
880 3027 1032 3122 vestigia
1056 3034 1154 3111 suut,
1173 3049 1290 3120 neque
1316 3023 1370 3119 ig-

315 3151 412 3216 notae
430 3154 467 3214 et
483 3143 720 3232 inhonoratae,
741 3169 857 3240 neque
875 3145 913 3216 in
933 3143 1116 3216 communi
1141 3165 1210 3214 usu
1230 3143 1370 3238 positae.

316 3261 370 3331 Eo
396 3259 506 3331 etiam
533 3269 696 3355 spectant
723 3263 900 3333 nonnulla
923 3271 966 3333 ut
991 3261 1141 3356 primam
1164 3257 1372 3331 Graecorum

317 3377 444 3472 poesin
454 3376 635 3473 religionis
646 3377 848 3450 ministram
859 3376 971 3450 fuisse
982 3378 1241 3449 demonstrent.
1263 3372 1375 3457 Quod

317 3495 431 3590 siquis
461 3493 537 3567 haec
567 3494 773 3568 Homerum
802 3493 911 3567 nimis
942 3492 1096 3589 gloriose
1125 3491 1170 3564 de
1200 3515 1267 3564 sua
1296 3497 1376 3562 arte

316 3611 531 3708 praedicasse
559 3617 676 3708 putet,
704 3613 809 3683 mitto
837 3636 922 3683 eum
951 3611 998 3683 od
1025 3609 1113 3682 istas
1143 3631 1234 3704 quas
1265 3606 1376 3679 modo

318 3729 554 3802 tractavimus
584 3728 736 3813 fabulas,
768 3751 848 3824 quae
879 3733 976 3800 certe
1005 3726 1044 3798 in
1073 3725 1230 3798 eundem
1264 3723 1376 3795 finem

320 3847 551 3919 consentiunt
570 3851 667 3919 etex
685 3845 783 3918 hisce
801 3844 963 3917 fontibus
982 3842 1201 3915 derivantur.

370 3961 532 4034 Tandem
564 3961 675 4057 igitur
707 3962 861 4035 Poeseos
898 3958 1088 4032 historiam
1128 3956 1258 4030 fabulis
1300 3954 1377 4027 suis

364 4153 371 4176 '
396 4145 449 4204 Od.
466 4157 557 4214 e.62;
582 4161 611 4204 Α.
630 4173 684 4222 ¹5³·
806 4157 815 4180 ⁸
839 4148 892 4206 Od.
907 4161 938 4206 Θ.
954 4157 995 4218 63.
1128 4155 1136 4182 ⁸
1160 4143 1214 4203 Od.
1230 4155 1335 4218 Θ.48η.

523 4235 535 4258 “
559 4226 613 4284 Od.
629 4242 659 4286 x.
675 4251 732 4300 ³⁴7·
969 4237 981 4258 ¹
1004 4223 1058 4284 Od.
1074 4236 1105 4282 x.
1120 4249 1178 4297 345.
