3094 4898
260 298 324 360 124
587 319 800 367 rnsrscrro
818 319 987 366 seprius.

258 455 379 530 Licuit
403 461 498 530 certe
524 458 570 530 ab
596 456 674 528 aliis
699 457 864 552 spiritum
892 464 930 528 et
954 457 1030 528 vim
1048 455 1228 528 Poetimm
1254 482 1317 529 ex-

258 573 398 669 cipere3
425 573 594 647 credibile
611 583 667 646 est
689 575 799 646 etiam
823 597 868 646 ex
886 597 955 645 usu
978 579 1016 645 et
1039 572 1160 646 studio
1176 572 1316 646 Vatum

258 690 413 761 orationi
436 688 634 761 accrevisse
657 690 815 762 colorem
838 689 1022 784 quendam
1043 698 1081 761 et
1098 691 1235 784 stylum
1252 691 1317 785 qui

258 807 344 879 huic
366 806 418 878 rei
443 805 672 894 conveniret;
698 805 788 877 illud
812 805 922 876 etiam
944 806 1020 900 jam
1043 806 1204 878 innotuit
1228 829 1316 878 nus·

258 948 368 1020 quam
394 922 533 996 felicius
562 922 698 994 versari
727 921 859 994 Poesin
886 945 998 1016 quam
1025 922 1064 992 in
1090 922 1251 994 moribus
1277 929 1317 994 et

257 1039 413 1112 fortunis
432 1037 633 1124 hominum,
648 1060 717 1110 nec
734 1060 819 1108 vero
836 1059 911 1108 non
928 1037 1184 1110 intellexerunt
1201 1061 1316 1131 quan-

260 1162 334 1226 tam
365 1153 441 1227 vim
471 1153 601 1226 habeat
629 1175 686 1224 res
712 1151 859 1224 Poetica
884 1153 922 1223 in
951 1152 1168 1247 castigandis
1197 1160 1235 1224 et
1264 1153 1318 1223 es·

257 1269 435 1364 fingendis
458 1268 632 1341 moribus.
686 1265 793 1339 Vatis
819 1277 917 1339 certe
943 1267 1118 1340 custodiae
1145 1265 1316 1363 Olytaem-

257 1395 427 1458 naestram
446 1408 548 1458 suam
566 1382 836 1457 commendavit
852 1379 1133 1478 Agamemnonk
1145 1414 1209 1456 :—

416 1587 476 1658 na
489 1584 513 1641 a·
526 1584 567 1657 a·
580 1585 625 1654 a»
638 1585 679 1640 sa
692 1585 780 1642 aaa
793 1584 866 1657 ἀνὴρ,
879 1579 902 1660 i
916 1581 998 1640 aar
1011 1585 1151 1641 ἐπέτελλε,

417 1680 549 1753 Ἀτρείδης
562 1682 684 1752 Τροίηνδε
698 1681 759 1736 nobe
772 1679 891 1753 εἴρυσθαι
905 1681 1010 1736 ἄκοιτιν.

259 1871 393 1946 Eadem
411 1871 456 1944 de
471 1825 652 1966 Penelope
675 1876 842 1944 narratur
859 1871 982 1944 fabula
991 1867 1011 1942 ¹.
1066 1870 1168 1955 Quid
1184 1873 1223 1945 in
1240 1873 1316 1946 suis

259 1988 477 2062 carminibus
504 1986 617 2059 Vates
646 1985 709 2058 isti
740 1986 926 2073 efficerint,
955 2011 1030 2059 non
1056 1988 1126 2059 nisi
1156 2012 1201 2060 ex
1230 2012 1317 2060 oon-

257 2107 399 2201 jectura
421 2103 612 2178 dicendum
636 2113 703 2176 est.
758 2101 979 2176 Crediderim
998 2109 1120 2176 tamen
1143 2129 1210 2200 pro
1226 2105 1317 2178 isto-

260 2245 343 2294 rum
359 2227 566 2316 temporum
582 2220 721 2292 ratione
737 2221 865 2292 rudem
882 2227 919 2290 et
935 2218 1158 2315 incomptam
1169 2219 1318 2294 Musam

261 2333 461 2408 excoluisse
486 2333 550 2407 sed
574 2334 851 2431 grandiloquum
874 2335 938 2407 sed
958 2335 1145 2409 honestam
1166 2343 1204 2409 et
1229 2339 1316 2408 sim-

261 2450 404 2546 plicem.
455 2448 558 2522 Vidit
581 2449 705 2544 itaque
722 2449 905 2523 Homerus
925 2452 1090 2524 nondum
1113 2453 1317 2526 absolutam

261 2590 339 2639 esse
356 2575 472 2638 artem
490 2589 604 2653 suam,
619 2589 726 2662 posse
739 2566 837 2638 illam
853 2591 926 2640 non
944 2575 1088 2640 tantum
1106 2567 1144 2640 in
1162 2569 1317 2664 singulis

261 2681 420 2756 historiis
450 2688 487 2754 et
513 2682 553 2754 in
580 2680 805 2776 singulorum
834 2683 1002 2762 laudibus
1035 2683 1219 2757 immorari
1252 2685 1317 2756 sed

261 2821 386 2871 eorum
411 2799 539 2872 seriem
563 2807 600 2870 et
626 2796 787 2870 ordinem
814 2806 852 2870 et
880 2799 979 2871 varia
1007 2798 1198 2872 hominum
1222 2800 1318 2874 inter

261 2938 301 2986 se
330 2915 545 2987 commercia
574 2914 712 2987 ambitu
743 2939 810 2988 suo
841 2915 1045 3011 complecti,
1077 2939 1185 3012 posse
1217 2917 1318 2990 illam

262 3031 430 3126 componi
455 3053 529 3102 non
554 3029 741 3125 praesentis
767 3030 1018 3104 oblectationis
1044 3031 1170 3127 gratia,
1188 3031 1252 3104 sed
1277 3031 1318 3104 in

262 3167 479 3254 perpetuum
496 3157 578 3229 vitae
596 3181 716 3246 usum,
736 3153 858 3248 κτῆμα
877 3152 914 3234 ἐς
932 3152 988 3228 ἀεὶ
1006 3156 1158 3249 μᾶλλον
1175 3145 1198 3250 ἦ
1218 3149 1317 3252 ἀγώ-

263 3313 380 3377 νισμα
400 3281 436 3362 ἐς
458 3275 501 3358 τὸ
523 3283 753 3383 παραχρῆμα
773 3277 975 3361 trocleam:
1001 3313 1085 3362 nam
1098 3289 1221 3386 Epicae
1238 3291 1319 3385 qui·

262 3400 346 3470 dem
372 3421 523 3494 poeseos
550 3415 631 3495 quae
657 3423 739 3472 vere
769 3401 821 3472 itu
850 3401 997 3490 dicitur,
1026 3425 1107 3498 quae
1132 3401 1242 3496 justae
1270 3401 1319 3474 sit

262 3514 518 3612 magnitudinis
536 3523 573 3588 et
587 3515 690 3612 justo
714 3516 875 3614 partium
900 3541 1052 3591 numero
1076 3517 1153 3614 apti
1169 3517 1263 3589 inter
1279 3541 1319 3588 se

261 3655 507 3704 connexarum
532 3639 687 3718 constet,
706 3638 792 3704 ante
809 3633 1014 3707 Homerum
1039 3635 1142 3707 nulla
1160 3643 1216 3706 cst
1238 3657 1319 3706 sus-

260 3749 368 3844 picio.
421 3746 580 3820 Snorum
610 3747 721 3842 igitur
749 3755 953 3844 temporum
987 3750 1109 3823 studia
1141 3775 1184 3823 ea
1215 3758 1319 3821 erant

262 3889 342 3960 quae
367 3871 509 3938 tantum
529 3863 713 3959 ingenium
737 3865 874 3938 alerent
897 3874 934 3938 et
957 3867 1043 3939 exili
1065 3872 1239 3962 apparatu
1263 3865 1318 3937 in·

263 3989 456 4070 struerent,
475 3993 554 4054 tum
578 3993 699 4055 autem
724 3983 761 4054 id
782 3983 882 4078 quod
905 3983 1102 4057 maximnm
1125 3991 1180 4054 est
1197 3983 1235 4053 in
1252 4006 1319 4054 sua

302 4215 313 4246 '¹
337 4214 390 4274 od.
402 4226 430 4272 Γ.
442 4224 505 4288 ²⁶⁸3
525 4215 583 4275 vid.
596 4217 752 4276 Eustotlii
767 4218 919 4280 Conament.
930 4220 961 4278 in
974 4217 1073 4290 locum,
1086 4225 1116 4278 et
1126 4217 1262 4292 sanast.
1276 4217 1296 4276 i.

342 4293 349 4326 ¹
369 4293 550 4354 amicitia
568 4295 710 4374 Odprsffl.
727 4308 783 4370 ²⁶7·
919 4307 938 4332 ¹⁸²
960 4299 1062 4368 ilua,
1076 4297 1096 4356 l.
1111 4297 1130 4356 i.
1146 4315 1171 4357 c.
1188 4322 1227 4358 aa.
