3058 4902
470 259 682 310 ramseomo
708 259 1017 309 vinosum-Parnm.
1211 242 1276 307 359

220 414 340 486 vulcat
357 417 483 484 tamen
509 411 606 508 quod
631 413 827 508 pulchrum
854 417 892 484 et
917 411 1055 484 bonum
1073 421 1139 483 est.
1192 410 1277 484 Hoc

221 554 332 604 sensu
355 539 579 626 praeoeptum
603 537 640 602 et
665 529 852 602 intellectu
878 527 1042 602 facilest
1066 551 1196 602 sanum
1221 539 1277 602 est

222 657 258 721 et
286 671 332 720 ex
358 644 521 742 legitima
549 644 700 741 hujusce
731 644 887 718 Posseos
917 644 1048 742 speciei
1077 643 1277 717 differentia

224 762 432 836 deductum.
486 760 531 833 In
562 760 769 834 Homericis
794 761 960 858 personis
988 760 1086 834 idern
1112 760 1276 856 religiose

224 874 477 953 conservatum
495 887 561 950 est.
615 877 716 950 Inter
733 901 795 949 eas
812 900 893 973 quae
910 876 1056 976 majoris
1074 885 1171 951 notae
1189 884 1277 952 sunt

224 1020 270 1069 ne
293 1019 367 1067 una
382 993 528 1090 quidem
552 1017 618 1067 sua
643 993 856 1090 praestantia
878 1001 1125 1090 sanctaeque
1149 1000 1277 1068 contra

222 1111 320 1186 vitiis
338 1113 488 1185 omnino
506 1133 637 1207 expers
660 1117 728 1182 est.
783 1111 1035 1205 Agamemnon
1052 1109 1184 1183 eximia
1200 1110 1276 1206 dig-

222 1225 335 1298 nitate
366 1234 402 1297 et
433 1223 631 1297 virtutibus
657 1248 741 1295 vere
768 1224 876 1319 regiis
903 1222 1181 1320 conspiciendus
1207 1231 1274 1311 est,

224 1367 303 1439 quae
319 1339 484 1438 quamvis
498 1363 761 1435 nonnunquam
775 1338 811 1411 in
826 1339 933 1412 nimis
952 1365 990 1413 se
1001 1341 1172 1414 attollant
1184 1348 1221 1413 et
1238 1341 1276 1413 in

223 1457 468 1555 arrogantiam
492 1457 615 1529 ellusae
636 1457 721 1543 sint,
741 1456 777 1529 in
800 1481 987 1530 summum
1006 1468 1127 1532 tamen
1147 1481 1276 1553 magna

224 1577 281 1648 sui
298 1573 534 1648 admiratione
553 1598 619 1646 nos
636 1581 774 1647 tenent.
817 1574 977 1647 Achilles
996 1573 1190 1647 ardentiori
1207 1574 1276 1671 spi-

223 1690 295 1764 ritu
314 1702 351 1764 et
368 1691 515 1764 heroica
532 1689 744 1764 fortitudine
765 1690 978 1778 inclarescit,
998 1690 1149 1788 egregiis
1166 1691 1277 1765 animi

224 1809 385 1895 dotibus,
413 1808 497 1880 licet
525 1809 710 1880 interdurn
737 1807 938 1882 immodicae
964 1810 1066 1897 fiant,
1095 1816 1133 1883 et
1158 1808 1196 1882 in
1221 1834 1276 1883 ra·

223 1926 321 1998 biem
348 1930 555 2021 erumpant.
600 1924 727 1996 Parem
756 1924 831 1996 vim
858 1924 994 1998 habent
1023 1925 1192 2000 Nestoris
1218 1951 1275 2000 ex-

222 2041 401 2138 perientia
419 2048 605 2136 utcunque
623 2040 727 2114 senili
748 2042 963 2136 garrulitate
980 2049 1018 2116 et
1043 2044 1186 2118 consilii
1202 2050 1276 2117 tar-

224 2161 336 2232 ditate
361 2159 524 2246 laboret;
557 2157 700 2254 Ulyssis
720 2158 913 2256 prudentia
930 2167 1116 2256 utcunque
1133 2163 1277 2234 astutiae

223 2299 486 2372 nonnunquam
515 2275 632 2347 affinis
663 2274 734 2361 sit;
773 2274 962 2349 Diomedis
992 2278 1107 2350 virtus
1134 2278 1276 2350 etiamsi

223 2395 313 2465 fines
336 2417 422 2465 suos
446 2415 712 2486 nonnunquam
730 2393 910 2464 transiliat
926 2417 1045 2488 neque
1061 2392 1160 2466 Deos
1178 2395 1277 2491 ipsos

223 2516 413 2595 vereatur;
442 2507 560 2604 Ajacis
578 2508 740 2580 roboret
756 2507 976 2602 intrepidum
995 2513 1122 2603 pectus
1136 2511 1279 2582 etiamsi

224 2627 364 2700 stolidae
381 2624 562 2699 ferocitati
587 2623 786 2697 finitimum
812 2625 869 2696 sit.
925 2623 1083 2720 Singulae
1106 2625 1203 2696 enim
1221 2626 1277 2700 hae

223 2746 411 2817 facultates
429 2743 513 2815 licet
531 2741 615 2814 tidei
633 2764 743 2814 causa
766 2741 841 2813 suis
859 2739 957 2814 vitiis
975 2749 1183 2838 temperatae
1202 2745 1278 2817 sint

222 2863 347 2934 valent
364 2859 550 2933 tamenad
569 2857 842 2954 exprimendam
866 2861 1085 2956 praestantiae
1103 2883 1177 2932 non
1196 2861 1276 2932 vul-

223 2978 317 3074 garis
341 2975 535 3072 imaginem
553 2981 589 3046 et
607 2973 753 3047 lectoris
778 2973 942 3048 animum
967 2976 1005 3049 in
1023 2999 1066 3048 ea
1091 3000 1277 3073 occupan-

224 3095 323 3168 dum.
368 3091 485 3165 Simili
512 3089 653 3164 ratione
679 3091 832 3164 Hectori
863 3091 990 3166 tribuit
1020 3099 1129 3189 pocta
1156 3117 1277 3165 veram

223 3211 397 3284 virtutem
423 3219 458 3282 et
485 3209 667 3280 sincerum
690 3209 818 3305 patriae
842 3234 1004 3283 amorem
1027 3211 1090 3282 sed
1113 3211 1278 3283 animum

224 3350 397 3424 prospera
413 3327 561 3398 fortuna
578 3322 686 3398 nimis
704 3327 853 3398 elatum.
905 3326 1091 3399 Thersites
1108 3339 1145 3399 et
1165 3328 1277 3425 siquae

224 3445 297 3516 sint
323 3445 402 3516 aliae
432 3441 582 3515 omnino
609 3465 729 3536 pravae
760 3466 923 3537 personae
953 3441 1111 3514 inferiori
1136 3442 1173 3516 in
1197 3445 1277 3518 looo

224 3571 425 3657 ponuntur,
462 3569 499 3632 et
532 3558 578 3629 ad
613 3559 800 3654 oppositas
835 3535 1000 3631 virtutes'
1031 3558 1144 3655 magis
1177 3559 1276 3634 illus·

223 3679 371 3752 trandas
390 3678 539 3750 faciunt.
595 3677 640 3750 ln
658 3676 822 3774 Odyssea
838 3676 974 3773 pariter
987 3675 1151 3773 Ulysses,
1166 3677 1278 3749 Pene-

223 3797 318 3893 lope,
337 3794 578 3868 Telemachus
603 3801 640 3867 et
663 3793 836 3866 Eumaeus
864 3792 901 3865 in
928 3815 995 3865 suo
1026 3817 1157 3888 genere
1185 3817 1276 3890 prae·

224 3923 362 3986 stantes
387 3916 476 3985 sunt
501 3935 569 3984 nec
593 3917 718 3983 tamen
745 3910 915 4006 perfectae
940 3907 1099 3995 virtutis,
1118 3920 1155 3983 et
1181 3912 1280 4006 quod

224 4053 353 4128 procos
371 4026 513 4114 attinet,
533 4052 619 4101 curn
638 4027 710 4100 illis
736 4033 868 4124 praeter
891 4025 1031 4122 generis
1052 4027 1278 4100 nobilitatem

224 4148 404 4242 insignem
415 4142 571 4239 aliquam
586 4143 834 4241 praestantiam
848 4142 1047 4216 adscribere
1059 4142 1158 4216 nefas
1171 4155 1278 4234 esset,

226 4288 352 4336 omnes
378 4263 503 4359 itaque
528 4260 566 4334 in
586 4286 700 4334 unum
727 4261 800 4334 fere
826 4259 1008 4355 congessit
1034 4283 1152 4357 neque
1168 4285 1280 4358 quen·
