<?xml version="1.0" encoding="UTF-8"?>
<!DOCTYPE html PUBLIC "-//W3C//DTD XHTML 1.0 Transitional//EN"
    "http://www.w3.org/TR/xhtml1/DTD/xhtml1-transitional.dtd">
<html xmlns="http://www.w3.org/1999/xhtml" xml:lang="en" lang="en">
 <head>
  <title>
</title>
<meta http-equiv="Content-Type" content="text/html;charset=utf-8" />
  <meta name='ocr-system' content='tesseract 3.04.00' />
  <meta name='ocr-capabilities' content='ocr_page ocr_carea ocr_par ocr_line ocrx_word'/>
</head>
<body>
  <div class='ocr_page' id='page_1' title='image "./prlectionesacad00randgoog_0133.png"; bbox 0 0 3094 4898; ppageno 0'>
   <div class='ocr_carea' id='block_1_1' title="bbox 563 317 1291 386">
    <p class='ocr_par' dir='ltr' id='par_1_1' title="bbox 563 317 1291 386">
     <span class='ocr_line' id='line_1_1' title="bbox 563 317 1291 386; baseline -0.01 -1"><span class='ocrx_word' id='word_1_1' title='bbox 563 337 776 386; x_wconf 68' lang='lat' dir='ltr'><strong>ranacario</strong></span> <span class='ocrx_word' id='word_1_2' title='bbox 798 339 965 386; x_wconf 69' lang='lat' dir='ltr'><strong>sarrana.</strong></span> <span class='ocrx_word' id='word_1_3' title='bbox 1229 317 1291 379; x_wconf 80' lang='lat'><strong>123</strong></span> 
     </span>
    </p>
   </div>
   <div class='ocr_carea' id='block_1_2' title="bbox 233 476 1367 2914">
    <p class='ocr_par' dir='ltr' id='par_1_2' title="bbox 233 476 1367 2578">
     <span class='ocr_line' id='line_1_2' title="bbox 239 476 1291 574; baseline 0.006 -27"><span class='ocrx_word' id='word_1_4' title='bbox 239 476 367 574; x_wconf 90' lang='lat' dir='ltr'><strong>Itaque</strong></span> <span class='ocrx_word' id='word_1_5' title='bbox 402 477 447 550; x_wconf 89' lang='lat' dir='ltr'><strong>dc</strong></span> <span class='ocrx_word' id='word_1_6' title='bbox 479 479 626 574; x_wconf 90' lang='lat' dir='ltr'><strong>hymnis</strong></span> <span class='ocrx_word' id='word_1_7' title='bbox 654 484 693 551; x_wconf 92' lang='lat' dir='ltr'><strong>et</strong></span> <span class='ocrx_word' id='word_1_8' title='bbox 726 479 911 552; x_wconf 82' lang='lat' dir='ltr'>laudativa</span> <span class='ocrx_word' id='word_1_9' title='bbox 943 479 1045 574; x_wconf 89' lang='lat' dir='ltr'><strong>poesi</strong></span> <span class='ocrx_word' id='word_1_10' title='bbox 1073 479 1291 554; x_wconf 87' lang='lat' dir='ltr'><strong>Aristoteles</strong></span> 
     </span>
     <span class='ocr_line' id='line_1_3' title="bbox 238 593 1291 691; baseline 0.003 -26"><span class='ocrx_word' id='word_1_11' title='bbox 238 603 412 690; x_wconf 80' lang='lat' dir='ltr'>tanquam</span> <span class='ocrx_word' id='word_1_12' title='bbox 442 617 480 666; x_wconf 84' lang='lat' dir='ltr'><strong>re</strong></span> <span class='ocrx_word' id='word_1_13' title='bbox 509 593 708 681; x_wconf 88' lang='lat' dir='ltr'><strong>notissima,</strong></span> <span class='ocrx_word' id='word_1_14' title='bbox 741 619 865 668; x_wconf 87' lang='lat' dir='ltr'><strong>eorum</strong></span> <span class='ocrx_word' id='word_1_15' title='bbox 898 595 1034 668; x_wconf 81' lang='lat' dir='ltr'><strong>etenim</strong></span> <span class='ocrx_word' id='word_1_16' title='bbox 1070 594 1201 691; x_wconf 88' lang='lat' dir='ltr'><strong>quiin</strong></span> <span class='ocrx_word' id='word_1_17' title='bbox 1235 595 1291 668; x_wconf 91' lang='lat' dir='ltr'><strong>his</strong></span> 
     </span>
     <span class='ocr_line' id='line_1_4' title="bbox 237 693 1291 807; baseline 0.005 -28"><span class='ocrx_word' id='word_1_18' title='bbox 237 709 344 782; x_wconf 88' lang='lat' dir='ltr'><strong>rebus</strong></span> <span class='ocrx_word' id='word_1_19' title='bbox 367 709 501 782; x_wconf 91' lang='lat' dir='ltr'><strong>versati</strong></span> <span class='ocrx_word' id='word_1_20' title='bbox 528 716 616 781; x_wconf 90' lang='lat' dir='ltr'><strong>sunt</strong></span> <span class='ocrx_word' id='word_1_21' title='bbox 641 711 792 783; x_wconf 88' lang='lat' dir='ltr'><strong>nomina</strong></span> <span class='ocrx_word' id='word_1_22' title='bbox 814 717 852 783; x_wconf 92' lang='lat' dir='ltr'><strong>et</strong></span> <span class='ocrx_word' id='word_1_23' title='bbox 874 710 972 783; x_wconf 84' lang='lat' dir='ltr'><strong>fama</strong></span> <span class='ocrx_word' id='word_1_24' title='bbox 996 693 1049 784; x_wconf 90' lang='lat' dir='ltr'><strong>ad</strong></span> <span class='ocrx_word' id='word_1_25' title='bbox 1065 711 1184 807; x_wconf 92' lang='lat' dir='ltr'><strong>ipsum</strong></span> <span class='ocrx_word' id='word_1_26' title='bbox 1209 735 1291 807; x_wconf 89' lang='lat' dir='ltr'><strong>per-</strong></span> 
     </span>
     <span class='ocr_line' id='line_1_5' title="bbox 238 827 1292 934; baseline -0.001 -26"><span class='ocrx_word' id='word_1_27' title='bbox 238 843 421 924; x_wconf 86' lang='lat' dir='ltr'><strong>venerant,</strong></span> <span class='ocrx_word' id='word_1_28' title='bbox 441 839 485 910; x_wconf 88' lang='lat' dir='ltr'><strong>de</strong></span> <span class='ocrx_word' id='word_1_29' title='bbox 511 837 649 911; x_wconf 91' lang='lat' dir='ltr'><strong>ludicra</strong></span> <span class='ocrx_word' id='word_1_30' title='bbox 674 838 775 934; x_wconf 93' lang='lat' dir='ltr'><strong>poesi</strong></span> <span class='ocrx_word' id='word_1_31' title='bbox 797 863 874 912; x_wconf 89' lang='lat' dir='ltr'><strong>nou</strong></span> <span class='ocrx_word' id='word_1_32' title='bbox 895 837 1004 911; x_wconf 87' lang='lat' dir='ltr'><strong>item:</strong></span> <span class='ocrx_word' id='word_1_33' title='bbox 1033 833 1119 908; x_wconf 82' lang='grc' dir='ltr'><strong>Τῶν</strong></span> <span class='ocrx_word' id='word_1_34' title='bbox 1137 827 1207 928; x_wconf 78' lang='grc' dir='ltr'><strong>μὲν</strong></span> <span class='ocrx_word' id='word_1_35' title='bbox 1226 830 1292 908; x_wconf 80' lang='grc' dir='ltr'><strong>οὖν</strong></span> 
     </span>
     <span class='ocr_line' id='line_1_6' title="bbox 236 950 1299 1060; baseline -0.008 -24"><span class='ocrx_word' id='word_1_36' title='bbox 236 953 310 1059; x_wconf 85' lang='grc' dir='ltr'><strong>πρὸ</strong></span> <span class='ocrx_word' id='word_1_37' title='bbox 322 955 491 1060; x_wconf 82' lang='grc' dir='ltr'>Ὀμήρου</span> <span class='ocrx_word' id='word_1_38' title='bbox 511 955 660 1041; x_wconf 79' lang='grc' dir='ltr'>οὐδενὸς</span> <span class='ocrx_word' id='word_1_39' title='bbox 674 957 807 1060; x_wconf 79' lang='grc' dir='ltr'>ἔχομεν</span> <span class='ocrx_word' id='word_1_40' title='bbox 822 950 937 1037; x_wconf 73' lang='grc' dir='ltr'>εἰπεῖν</span> <span class='ocrx_word' id='word_1_41' title='bbox 950 964 1119 1037; x_wconf 81' lang='grc' dir='ltr'>τοιοῦτον</span> <span class='ocrx_word' id='word_1_42' title='bbox 1134 956 1299 1056; x_wconf 84' lang='grc' dir='ltr'>ποῖημα·.</span> 
     </span>
     <span class='ocr_line' id='line_1_7' title="bbox 238 1078 1290 1188; baseline 0.006 -28"><span class='ocrx_word' id='word_1_43' title='bbox 238 1079 333 1167; x_wconf 81' lang='grc' dir='ltr'>εἰκὸς</span> <span class='ocrx_word' id='word_1_44' title='bbox 352 1081 392 1161; x_wconf 86' lang='grc' dir='ltr'><strong>δὲ</strong></span> <span class='ocrx_word' id='word_1_45' title='bbox 412 1078 504 1162; x_wconf 83' lang='grc' dir='ltr'>εἶναι</span> <span class='ocrx_word' id='word_1_46' title='bbox 521 1080 701 1168; x_wconf 77' lang='grc' dir='ltr'>πολλοὺς.</span> <span class='ocrx_word' id='word_1_47' title='bbox 755 1093 851 1166; x_wconf 90' lang='lat' dir='ltr'><strong>Cum</strong></span> <span class='ocrx_word' id='word_1_48' title='bbox 868 1092 966 1166; x_wconf 92' lang='lat' dir='ltr'><strong>enim</strong></span> <span class='ocrx_word' id='word_1_49' title='bbox 983 1092 1099 1188; x_wconf 90' lang='lat' dir='ltr'><strong>epulis</strong></span> <span class='ocrx_word' id='word_1_50' title='bbox 1116 1093 1290 1166; x_wconf 82' lang='lat' dir='ltr'><strong>interesse</strong></span> 
     </span>
     <span class='ocr_line' id='line_1_8' title="bbox 237 1207 1291 1304; baseline 0.003 -26"><span class='ocrx_word' id='word_1_51' title='bbox 237 1209 375 1280; x_wconf 75' lang='lat' dir='ltr'><strong>solebat</strong></span> <span class='ocrx_word' id='word_1_52' title='bbox 392 1207 515 1281; x_wconf 89' lang='lat' dir='ltr'><strong>Poesis</strong></span> <span class='ocrx_word' id='word_1_53' title='bbox 533 1208 644 1281; x_wconf 90' lang='lat' dir='ltr'><strong>etiam</strong></span> <span class='ocrx_word' id='word_1_54' title='bbox 662 1218 748 1281; x_wconf 91' lang='lat' dir='ltr'><strong>ante</strong></span> <span class='ocrx_word' id='word_1_55' title='bbox 764 1208 917 1282; x_wconf 86' lang='lat' dir='ltr'><strong>Homeri</strong></span> <span class='ocrx_word' id='word_1_56' title='bbox 938 1215 1104 1304; x_wconf 90' lang='lat' dir='ltr'><strong>tempora</strong></span> <span class='ocrx_word' id='word_1_57' title='bbox 1124 1209 1291 1281; x_wconf 84' lang='lat' dir='ltr'><strong>credibile</strong></span> 
     </span>
     <span class='ocr_line' id='line_1_9' title="bbox 236 1322 1348 1420; baseline 0.003 -26"><span class='ocrx_word' id='word_1_58' title='bbox 236 1322 404 1396; x_wconf 85' lang='lat' dir='ltr'><strong>osthane</strong></span> <span class='ocrx_word' id='word_1_59' title='bbox 428 1325 506 1418; x_wconf 77' lang='lat' dir='ltr'><strong>ejus</strong></span> <span class='ocrx_word' id='word_1_60' title='bbox 526 1333 667 1419; x_wconf 90' lang='lat' dir='ltr'><strong>partem</strong></span> <span class='ocrx_word' id='word_1_61' title='bbox 690 1349 765 1398; x_wconf 92' lang='lat' dir='ltr'><strong>non</strong></span> <span class='ocrx_word' id='word_1_62' title='bbox 788 1348 936 1420; x_wconf 89' lang='lat' dir='ltr'><strong>prorsus</strong></span> <span class='ocrx_word' id='word_1_63' title='bbox 957 1325 1132 1396; x_wconf 88' lang='lat' dir='ltr'><strong>intactam</strong></span> <span class='ocrx_word' id='word_1_64' title='bbox 1154 1322 1287 1410; x_wconf 83' lang='lat' dir='ltr'><strong>fuisse;</strong></span> <span class='ocrx_word' id='word_1_65' title='bbox 1347 1323 1348 1327; x_wconf 65' lang='grc'>’</span> 
     </span>
     <span class='ocr_line' id='line_1_10' title="bbox 236 1437 1367 1534; baseline 0.001 -24"><span class='ocrx_word' id='word_1_66' title='bbox 236 1437 491 1512; x_wconf 80' lang='lat' dir='ltr'><strong>interciderant</strong></span> <span class='ocrx_word' id='word_1_67' title='bbox 507 1441 845 1527; x_wconf 83' lang='lat' dir='ltr'><strong>tamenauthorum</strong></span> <span class='ocrx_word' id='word_1_68' title='bbox 865 1439 1024 1527; x_wconf 88' lang='lat' dir='ltr'><strong>nomina,</strong></span> <span class='ocrx_word' id='word_1_69' title='bbox 1043 1463 1123 1534; x_wconf 88' lang='lat' dir='ltr'><strong>quae</strong></span> <span class='ocrx_word' id='word_1_70' title='bbox 1144 1438 1289 1534; x_wconf 92' lang='lat' dir='ltr'><strong>quidem</strong></span> <span class='ocrx_word' id='word_1_71' title='bbox 1364 1483 1367 1488; x_wconf 93' lang='lat'>·</span> 
     </span>
     <span class='ocr_line' id='line_1_11' title="bbox 236 1551 1289 1651; baseline 0.005 -28"><span class='ocrx_word' id='word_1_72' title='bbox 236 1551 314 1648; x_wconf 88' lang='lat' dir='ltr'><strong>ipsa</strong></span> <span class='ocrx_word' id='word_1_73' title='bbox 336 1578 392 1628; x_wconf 85' lang='lat' dir='ltr'><strong>res</strong></span> <span class='ocrx_word' id='word_1_74' title='bbox 417 1561 460 1627; x_wconf 92' lang='lat' dir='ltr'><strong>ut</strong></span> <span class='ocrx_word' id='word_1_75' title='bbox 487 1555 575 1627; x_wconf 91' lang='lat' dir='ltr'><strong>mihi</strong></span> <span class='ocrx_word' id='word_1_76' title='bbox 597 1557 743 1629; x_wconf 86' lang='lat' dir='ltr'><strong>videtur</strong></span> <span class='ocrx_word' id='word_1_77' title='bbox 764 1579 893 1651; x_wconf 90' lang='lat' dir='ltr'><strong>magno</strong></span> <span class='ocrx_word' id='word_1_78' title='bbox 916 1562 973 1628; x_wconf 86' lang='lat' dir='ltr'><strong>est</strong></span> <span class='ocrx_word' id='word_1_79' title='bbox 994 1554 1128 1628; x_wconf 92' lang='lat' dir='ltr'><strong>indicio</strong></span> <span class='ocrx_word' id='word_1_80' title='bbox 1151 1555 1190 1626; x_wconf 90' lang='lat' dir='ltr'><strong>in</strong></span> <span class='ocrx_word' id='word_1_81' title='bbox 1212 1553 1289 1628; x_wconf 91' lang='lat' dir='ltr'><strong>He·</strong></span> 
     </span>
     <span class='ocr_line' id='line_1_12' title="bbox 235 1670 1289 1759; baseline 0.002 -18"><span class='ocrx_word' id='word_1_82' title='bbox 235 1694 341 1742; x_wconf 90' lang='lat' dir='ltr'><strong>roum</strong></span> <span class='ocrx_word' id='word_1_83' title='bbox 363 1670 436 1743; x_wconf 88' lang='lat' dir='ltr'><strong>fere</strong></span> <span class='ocrx_word' id='word_1_84' title='bbox 459 1671 625 1747; x_wconf 89' lang='lat' dir='ltr'><strong>laudibus</strong></span> <span class='ocrx_word' id='word_1_85' title='bbox 652 1673 858 1745; x_wconf 84' lang='lat' dir='ltr'><strong>substitisse</strong></span> <span class='ocrx_word' id='word_1_86' title='bbox 884 1677 1048 1744; x_wconf 88' lang='lat' dir='ltr'><strong>veterum</strong></span> <span class='ocrx_word' id='word_1_87' title='bbox 1069 1671 1212 1759; x_wconf 92' lang='lat' dir='ltr'><strong>Poesin,</strong></span> <span class='ocrx_word' id='word_1_88' title='bbox 1231 1673 1289 1744; x_wconf 90' lang='lat' dir='ltr'><strong>vel</strong></span> 
     </span>
     <span class='ocr_line' id='line_1_13' title="bbox 236 1787 1289 1883; baseline 0.001 -24"><span class='ocrx_word' id='word_1_89' title='bbox 236 1789 361 1859; x_wconf 88' lang='lat' dir='ltr'><strong>saltem</strong></span> <span class='ocrx_word' id='word_1_90' title='bbox 387 1812 431 1860; x_wconf 90' lang='lat' dir='ltr'><strong>cx</strong></span> <span class='ocrx_word' id='word_1_91' title='bbox 459 1811 501 1860; x_wconf 89' lang='lat' dir='ltr'><strong>ca</strong></span> <span class='ocrx_word' id='word_1_92' title='bbox 529 1795 633 1883; x_wconf 89' lang='lat' dir='ltr'><strong>parte</strong></span> <span class='ocrx_word' id='word_1_93' title='bbox 660 1789 820 1862; x_wconf 85' lang='lat' dir='ltr'><strong>maxime</strong></span> <span class='ocrx_word' id='word_1_94' title='bbox 843 1789 1058 1878; x_wconf 79' lang='lat' dir='ltr'><strong>celebratam</strong></span> <span class='ocrx_word' id='word_1_95' title='bbox 1085 1788 1218 1874; x_wconf 88' lang='lat' dir='ltr'><strong>fuisse;</strong></span> <span class='ocrx_word' id='word_1_96' title='bbox 1249 1787 1289 1860; x_wconf 93' lang='lat' dir='ltr'><strong>in</strong></span> 
     </span>
     <span class='ocr_line' id='line_1_14' title="bbox 234 1903 1288 1999; baseline 0 -26"><span class='ocrx_word' id='word_1_97' title='bbox 234 1908 387 1998; x_wconf 89' lang='lat' dir='ltr'><strong>utraque</strong></span> <span class='ocrx_word' id='word_1_98' title='bbox 413 1903 533 1999; x_wconf 89' lang='lat' dir='ltr'><strong>specie</strong></span> <span class='ocrx_word' id='word_1_99' title='bbox 558 1903 742 1978; x_wconf 89' lang='lat' dir='ltr'><strong>Homerus</strong></span> <span class='ocrx_word' id='word_1_100' title='bbox 768 1910 916 1977; x_wconf 86' lang='lat' dir='ltr'><strong>caeteros</strong></span> <span class='ocrx_word' id='word_1_101' title='bbox 943 1926 1069 1975; x_wconf 90' lang='lat' dir='ltr'><strong>omnes</strong></span> <span class='ocrx_word' id='word_1_102' title='bbox 1094 1903 1202 1998; x_wconf 90' lang='lat' dir='ltr'><strong>longe</strong></span> <span class='ocrx_word' id='word_1_103' title='bbox 1228 1927 1288 1974; x_wconf 88' lang='lat' dir='ltr'><strong>ex-</strong></span> 
     </span>
     <span class='ocr_line' id='line_1_15' title="bbox 234 2018 1290 2116; baseline -0.001 -25"><span class='ocrx_word' id='word_1_104' title='bbox 234 2020 429 2116; x_wconf 88' lang='lat' dir='ltr'><strong>superavit.</strong></span> <span class='ocrx_word' id='word_1_105' title='bbox 484 2019 612 2116; x_wconf 85' lang='lat' dir='ltr'><strong>Itaque</strong></span> <span class='ocrx_word' id='word_1_106' title='bbox 639 2020 729 2093; x_wconf 91' lang='lat' dir='ltr'><strong>nihil</strong></span> <span class='ocrx_word' id='word_1_107' title='bbox 754 2022 851 2093; x_wconf 87' lang='lat' dir='ltr'><strong>ultra</strong></span> <span class='ocrx_word' id='word_1_108' title='bbox 872 2018 1116 2092; x_wconf 88' lang='lat' dir='ltr'><strong>desideratum</strong></span> <span class='ocrx_word' id='word_1_109' title='bbox 1138 2029 1194 2092; x_wconf 90' lang='lat' dir='ltr'><strong>est</strong></span> <span class='ocrx_word' id='word_1_110' title='bbox 1219 2021 1290 2091; x_wconf 89' lang='lat' dir='ltr'><strong>nisi</strong></span> 
     </span>
     <span class='ocr_line' id='line_1_16' title="bbox 234 2134 1289 2233; baseline 0 -26"><span class='ocrx_word' id='word_1_111' title='bbox 234 2142 277 2208; x_wconf 93' lang='lat' dir='ltr'><strong>ut</strong></span> <span class='ocrx_word' id='word_1_112' title='bbox 305 2137 343 2208; x_wconf 91' lang='lat' dir='ltr'><strong>in</strong></span> <span class='ocrx_word' id='word_1_113' title='bbox 371 2160 431 2209; x_wconf 89' lang='lat' dir='ltr'><strong>eas</strong></span> <span class='ocrx_word' id='word_1_114' title='bbox 461 2137 597 2233; x_wconf 89' lang='lat' dir='ltr'><strong>species</strong></span> <span class='ocrx_word' id='word_1_115' title='bbox 625 2161 705 2232; x_wconf 89' lang='lat' dir='ltr'><strong>quaa</strong></span> <span class='ocrx_word' id='word_1_116' title='bbox 732 2136 852 2209; x_wconf 91' lang='lat' dir='ltr'><strong>miuus</strong></span> <span class='ocrx_word' id='word_1_117' title='bbox 878 2134 1058 2231; x_wconf 88' lang='lat' dir='ltr'><strong>simplices</strong></span> <span class='ocrx_word' id='word_1_118' title='bbox 1085 2144 1171 2207; x_wconf 90' lang='lat' dir='ltr'><strong>sunt</strong></span> <span class='ocrx_word' id='word_1_119' title='bbox 1199 2135 1289 2207; x_wconf 89' lang='lat' dir='ltr'><strong>dila·</strong></span> 
     </span>
     <span class='ocr_line' id='line_1_17' title="bbox 233 2248 1287 2348; baseline -0.002 -25"><span class='ocrx_word' id='word_1_120' title='bbox 233 2250 378 2324; x_wconf 90' lang='lat' dir='ltr'><strong>beretur</strong></span> <span class='ocrx_word' id='word_1_121' title='bbox 413 2251 548 2340; x_wconf 89' lang='lat' dir='ltr'><strong>Poesis,</strong></span> <span class='ocrx_word' id='word_1_122' title='bbox 585 2251 815 2348; x_wconf 88' lang='lat' dir='ltr'><strong>Tragoediam</strong></span> <span class='ocrx_word' id='word_1_123' title='bbox 852 2252 936 2325; x_wconf 91' lang='lat' dir='ltr'><strong>dico</strong></span> <span class='ocrx_word' id='word_1_124' title='bbox 973 2259 1010 2323; x_wconf 91' lang='lat' dir='ltr'><strong>et</strong></span> <span class='ocrx_word' id='word_1_125' title='bbox 1051 2248 1287 2323; x_wconf 90' lang='lat' dir='ltr'><strong>Comoediam.</strong></span> 
     </span>
     <span class='ocr_line' id='line_1_18' title="bbox 233 2365 1288 2464; baseline 0.003 -27"><span class='ocrx_word' id='word_1_126' title='bbox 233 2365 393 2440; x_wconf 86' lang='lat' dir='ltr'><strong>Eandem</strong></span> <span class='ocrx_word' id='word_1_127' title='bbox 417 2368 492 2441; x_wconf 84' lang='lat' dir='ltr'><strong>fere</strong></span> <span class='ocrx_word' id='word_1_128' title='bbox 518 2367 652 2442; x_wconf 82' lang='lat' dir='ltr'><strong>Graecae</strong></span> <span class='ocrx_word' id='word_1_129' title='bbox 683 2390 833 2464; x_wconf 88' lang='lat' dir='ltr'><strong>poeseos</strong></span> <span class='ocrx_word' id='word_1_130' title='bbox 861 2366 990 2442; x_wconf 83' lang='lat' dir='ltr'><strong>seriem</strong></span> <span class='ocrx_word' id='word_1_131' title='bbox 1019 2366 1182 2462; x_wconf 82' lang='lat' dir='ltr'><strong>agnoscit</strong></span> <span class='ocrx_word' id='word_1_132' title='bbox 1206 2366 1288 2440; x_wconf 84' lang='lat' dir='ltr'><strong>Ari-</strong></span> 
     </span>
     <span class='ocr_line' id='line_1_19' title="bbox 233 2480 519 2578; baseline 0.007 -23"><span class='ocrx_word' id='word_1_133' title='bbox 233 2480 519 2578; x_wconf 76' lang='lat' dir='ltr'><strong>stopbaues‘2-</strong></span> 
     </span>
    </p>

    <p class='ocr_par' dir='ltr' id='par_1_3' title="bbox 312 2648 1237 2726">
     <span class='ocr_line' id='line_1_20' title="bbox 312 2648 1237 2726; baseline -0.003 -19"><span class='ocrx_word' id='word_1_134' title='bbox 312 2653 427 2725; x_wconf 75' lang='grc' dir='ltr'>Ὀρφεὺς</span> <span class='ocrx_word' id='word_1_135' title='bbox 439 2654 486 2721; x_wconf 67' lang='grc' dir='ltr'><strong>μὲν</strong></span> <span class='ocrx_word' id='word_1_136' title='bbox 498 2653 549 2726; x_wconf 78' lang='grc' dir='ltr'><strong>γὰρ</strong></span> <span class='ocrx_word' id='word_1_137' title='bbox 563 2654 668 2710; x_wconf 82' lang='grc' dir='ltr'>τελετάς</span> <span class='ocrx_word' id='word_1_138' title='bbox 682 2653 705 2707; x_wconf 82' lang='grc' dir='ltr'><strong>θ’</strong></span> <span class='ocrx_word' id='word_1_139' title='bbox 719 2652 778 2722; x_wconf 75' lang='grc' dir='ltr'>ἡμῖν</span> <span class='ocrx_word' id='word_1_140' title='bbox 792 2653 930 2720; x_wconf 74' lang='grc' dir='ltr'>κατέδειξε,</span> <span class='ocrx_word' id='word_1_141' title='bbox 944 2653 1034 2723; x_wconf 80' lang='grc' dir='ltr'><strong><em>φόνων</em></strong></span> <span class='ocrx_word' id='word_1_142' title='bbox 1046 2648 1069 2704; x_wconf 83' lang='grc' dir='ltr'><strong>τ’</strong></span> <span class='ocrx_word' id='word_1_143' title='bbox 1083 2648 1237 2721; x_wconf 71' lang='grc' dir='ltr'>ἀπέχεσθαι,</span> 
     </span>
    </p>

    <p class='ocr_par' dir='ltr' id='par_1_4' title="bbox 313 2744 1176 2821">
     <span class='ocr_line' id='line_1_21' title="bbox 313 2744 1176 2821; baseline -0.003 -19"><span class='ocrx_word' id='word_1_144' title='bbox 313 2751 447 2804; x_wconf 83' lang='grc' dir='ltr'>Μουσαῖος</span> <span class='ocrx_word' id='word_1_145' title='bbox 459 2747 481 2803; x_wconf 78' lang='grc' dir='ltr'><strong>δ’</strong></span> <span class='ocrx_word' id='word_1_146' title='bbox 496 2748 628 2818; x_wconf 71' lang='grc' dir='ltr'>ἐξακέσεις</span> <span class='ocrx_word' id='word_1_147' title='bbox 640 2772 668 2804; x_wconf 86' lang='grc' dir='ltr'><strong>τε</strong></span> <span class='ocrx_word' id='word_1_148' title='bbox 682 2753 775 2816; x_wconf 81' lang='grc' dir='ltr'>νόσων,</span> <span class='ocrx_word' id='word_1_149' title='bbox 790 2751 832 2803; x_wconf 79' lang='lat' dir='ltr'><strong>xol</strong></span> <span class='ocrx_word' id='word_1_150' title='bbox 845 2744 987 2821; x_wconf 76' lang='grc' dir='ltr'>χρησμοῦς·</span> <span class='ocrx_word' id='word_1_151' title='bbox 1008 2745 1134 2802; x_wconf 78' lang='grc' dir='ltr'>Ἡσίοδος</span> <span class='ocrx_word' id='word_1_152' title='bbox 1148 2745 1176 2799; x_wconf 75' lang='grc' dir='ltr'><strong>δὲ</strong></span> 
     </span>
    </p>

    <p class='ocr_par' dir='ltr' id='par_1_5' title="bbox 313 2835 1128 2914">
     <span class='ocr_line' id='line_1_22' title="bbox 313 2835 1128 2914; baseline -0.005 -16"><span class='ocrx_word' id='word_1_153' title='bbox 313 2843 362 2910; x_wconf 75' lang='grc' dir='ltr'><strong>Γῆς</strong></span> <span class='ocrx_word' id='word_1_154' title='bbox 375 2840 508 2914; x_wconf 60' lang='lat' dir='ltr'><strong>‘’p-focius,</strong></span> <span class='ocrx_word' id='word_1_155' title='bbox 522 2847 625 2914; x_wconf 81' lang='grc' dir='ltr'>καρπῶν</span> <span class='ocrx_word' id='word_1_156' title='bbox 635 2841 712 2912; x_wconf 77' lang='grc' dir='ltr'>ὥρας,</span> <span class='ocrx_word' id='word_1_157' title='bbox 726 2840 842 2912; x_wconf 76' lang='grc' dir='ltr'>ἀρότους·</span> <span class='ocrx_word' id='word_1_158' title='bbox 863 2843 878 2893; x_wconf 89' lang='lat' dir='ltr'><strong>d</strong></span> <span class='ocrx_word' id='word_1_159' title='bbox 892 2840 920 2893; x_wconf 82' lang='grc' dir='ltr'><strong>δὲ</strong></span> <span class='ocrx_word' id='word_1_160' title='bbox 934 2840 1003 2894; x_wconf 84' lang='grc' dir='ltr'>θεῖος</span> <span class='ocrx_word' id='word_1_161' title='bbox 1011 2835 1128 2908; x_wconf 74' lang='grc' dir='ltr'>Ὅμηρος</span> 
     </span>
    </p>
   </div>
   <div class='ocr_carea' id='block_1_3' title="bbox 312 2931 1211 3107">
    <p class='ocr_par' dir='ltr' id='par_1_6' title="bbox 312 2931 1211 3107">
     <span class='ocr_line' id='line_1_23' title="bbox 314 2931 1211 3007; baseline -0.009 -13"><span class='ocrx_word' id='word_1_162' title='bbox 314 2936 379 2994; x_wconf 80' lang='grc' dir='ltr'><strong>Ἀπὸ</strong></span> <span class='ocrx_word' id='word_1_163' title='bbox 390 2941 438 2992; x_wconf 80' lang='grc' dir='ltr'><strong>τοῦ</strong></span> <span class='ocrx_word' id='word_1_164' title='bbox 450 2937 525 3007; x_wconf 76' lang='grc' dir='ltr'>τιμὴν</span> <span class='ocrx_word' id='word_1_165' title='bbox 539 2939 580 2993; x_wconf 74' lang='grc' dir='ltr'><strong>καὶ</strong></span> <span class='ocrx_word' id='word_1_166' title='bbox 593 2936 669 2993; x_wconf 79' lang='grc' dir='ltr'>κλέος</span> <span class='ocrx_word' id='word_1_167' title='bbox 682 2937 755 3006; x_wconf 74' lang='grc' dir='ltr'>ἔσχε,</span> <span class='ocrx_word' id='word_1_168' title='bbox 770 2936 841 3005; x_wconf 78' lang='grc' dir='ltr'>πλὴν</span> <span class='ocrx_word' id='word_1_169' title='bbox 853 2934 923 2990; x_wconf 76' lang='grc' dir='ltr'>τοῦδ’</span> <span class='ocrx_word' id='word_1_170' title='bbox 937 2933 978 2989; x_wconf 79' lang='grc' dir='ltr'><strong>ὅτι</strong></span> <span class='ocrx_word' id='word_1_171' title='bbox 992 2931 1088 3004; x_wconf 75' lang='grc' dir='ltr'>χρήστ’</span> <span class='ocrx_word' id='word_1_172' title='bbox 1101 2931 1211 3000; x_wconf 76' lang='grc' dir='ltr'>ἐδίδαξε,</span> 
     </span>
     <span class='ocr_line' id='line_1_24' title="bbox 312 3033 787 3107; baseline -0.002 -20"><span class='ocrx_word' id='word_1_173' title='bbox 312 3033 410 3102; x_wconf 78' lang='grc' dir='ltr'>Τάξεις,</span> <span class='ocrx_word' id='word_1_174' title='bbox 425 3035 525 3107; x_wconf 80' lang='grc' dir='ltr'>ἀρετὰς,</span> <span class='ocrx_word' id='word_1_175' title='bbox 539 3034 659 3089; x_wconf 76' lang='grc' dir='ltr'>ὁπλίσεις</span> <span class='ocrx_word' id='word_1_176' title='bbox 672 3033 787 3104; x_wconf 78' lang='grc' dir='ltr'><strong>ἂνδρῶν;</strong></span> 
     </span>
    </p>
   </div>
   <div class='ocr_carea' id='block_1_4' title="bbox 230 3171 1286 3624">
    <p class='ocr_par' dir='ltr' id='par_1_7' title="bbox 230 3171 1286 3624">
     <span class='ocr_line' id='line_1_25' title="bbox 232 3171 1285 3272; baseline -0.006 -23"><span class='ocrx_word' id='word_1_177' title='bbox 232 3174 330 3249; x_wconf 92' lang='lat' dir='ltr'><strong>Hinc</strong></span> <span class='ocrx_word' id='word_1_178' title='bbox 348 3200 454 3272; x_wconf 86' lang='lat' dir='ltr'><strong>porro</strong></span> <span class='ocrx_word' id='word_1_179' title='bbox 471 3174 623 3270; x_wconf 87' lang='lat' dir='ltr'><strong>Virgilio</strong></span> <span class='ocrx_word' id='word_1_180' title='bbox 643 3174 814 3270; x_wconf 83' lang='lat' dir='ltr'><strong>Orpheus</strong></span> <span class='ocrx_word' id='word_1_181' title='bbox 831 3183 868 3247; x_wconf 89' lang='lat' dir='ltr'><strong>et</strong></span> <span class='ocrx_word' id='word_1_182' title='bbox 886 3171 1049 3248; x_wconf 74' lang='lat' dir='ltr'><strong>Musaeus</strong></span> <span class='ocrx_word' id='word_1_183' title='bbox 1067 3171 1117 3243; x_wconf 92' lang='lat' dir='ltr'><strong>rei</strong></span> <span class='ocrx_word' id='word_1_184' title='bbox 1135 3171 1285 3268; x_wconf 82' lang='lat' dir='ltr'><strong>poeticae</strong></span> 
     </span>
     <span class='ocr_line' id='line_1_26' title="bbox 232 3286 1284 3388; baseline -0.006 -24"><span class='ocrx_word' id='word_1_185' title='bbox 232 3292 446 3388; x_wconf 68' lang='lat' dir='ltr'><strong>principesss.</strong></span> <span class='ocrx_word' id='word_1_186' title='bbox 497 3290 597 3365; x_wconf 89' lang='lat' dir='ltr'><strong>Hine</strong></span> <span class='ocrx_word' id='word_1_187' title='bbox 616 3290 782 3363; x_wconf 85' lang='lat' dir='ltr'><strong>Socrates</strong></span> <span class='ocrx_word' id='word_1_188' title='bbox 799 3291 860 3362; x_wconf 92' lang='lat' dir='ltr'><strong>ille</strong></span> <span class='ocrx_word' id='word_1_189' title='bbox 877 3287 1086 3361; x_wconf 87' lang='lat' dir='ltr'><strong>Platonicus</strong></span> <span class='ocrx_word' id='word_1_190' title='bbox 1108 3286 1151 3358; x_wconf 93' lang='lat' dir='ltr'><strong>de</strong></span> <span class='ocrx_word' id='word_1_191' title='bbox 1173 3286 1284 3358; x_wconf 89' lang='lat' dir='ltr'><strong>eollo-</strong></span> 
     </span>
     <span class='ocr_line' id='line_1_27' title="bbox 232 3401 1286 3505; baseline -0.008 -24"><span class='ocrx_word' id='word_1_192' title='bbox 232 3409 326 3505; x_wconf 92' lang='lat' dir='ltr'><strong>quiis</strong></span> <span class='ocrx_word' id='word_1_193' title='bbox 343 3432 425 3482; x_wconf 91' lang='lat' dir='ltr'><strong>cum</strong></span> <span class='ocrx_word' id='word_1_194' title='bbox 440 3406 585 3504; x_wconf 87' lang='lat' dir='ltr'><strong>Orpheo</strong></span> <span class='ocrx_word' id='word_1_195' title='bbox 599 3417 635 3480; x_wconf 87' lang='lat' dir='ltr'><strong>et</strong></span> <span class='ocrx_word' id='word_1_196' title='bbox 649 3407 792 3479; x_wconf 82' lang='lat' dir='ltr'><strong>Musaeo</strong></span> <span class='ocrx_word' id='word_1_197' title='bbox 809 3404 982 3477; x_wconf 89' lang='lat' dir='ltr'><strong>habendis</strong></span> <span class='ocrx_word' id='word_1_198' title='bbox 992 3401 1020 3475; x_wconf 82' lang='lat'><strong>¹¹.</strong></span> <span class='ocrx_word' id='word_1_199' title='bbox 1057 3401 1100 3474; x_wconf 91' lang='lat' dir='ltr'><strong>Iu</strong></span> <span class='ocrx_word' id='word_1_200' title='bbox 1113 3408 1286 3497; x_wconf 91' lang='lat' dir='ltr'><strong>promptu</strong></span> 
     </span>
     <span class='ocr_line' id='line_1_28' title="bbox 230 3515 1231 3624; baseline -0.009 -26"><span class='ocrx_word' id='word_1_201' title='bbox 230 3523 338 3599; x_wconf 90' lang='lat' dir='ltr'><strong>etiam</strong></span> <span class='ocrx_word' id='word_1_202' title='bbox 355 3523 526 3620; x_wconf 91' lang='lat' dir='ltr'><strong>estquod</strong></span> <span class='ocrx_word' id='word_1_203' title='bbox 543 3521 701 3596; x_wconf 89' lang='lat' dir='ltr'><strong>Lucretii</strong></span> <span class='ocrx_word' id='word_1_204' title='bbox 717 3522 835 3595; x_wconf 89' lang='lat' dir='ltr'><strong>verbis</strong></span> <span class='ocrx_word' id='word_1_205' title='bbox 854 3521 1136 3624; x_wconf 88' lang='lat' dir='ltr'><strong>respondeamus</strong></span> <span class='ocrx_word' id='word_1_206' title='bbox 1147 3515 1156 3555; x_wconf 90' lang='lat'>¹</span> <span class='ocrx_word' id='word_1_207' title='bbox 1169 3549 1231 3590; x_wconf 93' lang='lat'><strong>:-</strong></span> 
     </span>
    </p>
   </div>
   <div class='ocr_carea' id='block_1_5' title="bbox 362 3672 1171 3857">
    <p class='ocr_par' dir='ltr' id='par_1_8' title="bbox 362 3672 1171 3857">
     <span class='ocr_line' id='line_1_29' title="bbox 362 3672 1171 3760; baseline -0.014 -18"><span class='ocrx_word' id='word_1_208' title='bbox 362 3685 380 3714; x_wconf 90' lang='lat'><strong>“</strong></span> <span class='ocrx_word' id='word_1_209' title='bbox 391 3685 453 3742; x_wconf 86' lang='lat' dir='ltr'><strong>Cur</strong></span> <span class='ocrx_word' id='word_1_210' title='bbox 465 3700 573 3760; x_wconf 87' lang='lat' dir='ltr'><strong>supera</strong></span> <span class='ocrx_word' id='word_1_211' title='bbox 586 3679 698 3741; x_wconf 89' lang='lat' dir='ltr'><strong>bellum</strong></span> <span class='ocrx_word' id='word_1_212' title='bbox 712 3679 887 3740; x_wconf 78' lang='lat' dir='ltr'><strong>Thebanum</strong></span> <span class='ocrx_word' id='word_1_213' title='bbox 901 3681 933 3736; x_wconf 89' lang='lat' dir='ltr'><strong>et</strong></span> <span class='ocrx_word' id='word_1_214' title='bbox 947 3677 1053 3735; x_wconf 78' lang='lat' dir='ltr'><strong>funera</strong></span> <span class='ocrx_word' id='word_1_215' title='bbox 1065 3672 1171 3757; x_wconf 20' lang='lat' dir='ltr'><strong>Trojae·</strong></span> 
     </span>
     <span class='ocr_line' id='line_1_30' title="bbox 388 3770 1095 3857; baseline -0.013 -17"><span class='ocrx_word' id='word_1_216' title='bbox 388 3779 421 3839; x_wconf 89' lang='lat' dir='ltr'>N</span> <span class='ocrx_word' id='word_1_217' title='bbox 422 3799 462 3840; x_wconf 89' lang='lat' dir='ltr'><strong>on</strong></span> <span class='ocrx_word' id='word_1_218' title='bbox 475 3779 547 3839; x_wconf 86' lang='lat' dir='ltr'><strong>alias</strong></span> <span class='ocrx_word' id='word_1_219' title='bbox 561 3777 611 3838; x_wconf 85' lang='lat' dir='ltr'><strong>alii</strong></span> <span class='ocrx_word' id='word_1_220' title='bbox 624 3797 740 3857; x_wconf 90' lang='lat' dir='ltr'><strong>quoque</strong></span> <span class='ocrx_word' id='word_1_221' title='bbox 754 3797 802 3837; x_wconf 88' lang='lat' dir='ltr'><strong>res</strong></span> <span class='ocrx_word' id='word_1_222' title='bbox 815 3774 949 3836; x_wconf 90' lang='lat' dir='ltr'><strong>cecinere</strong></span> <span class='ocrx_word' id='word_1_223' title='bbox 963 3770 1095 3832; x_wconf 83' lang='lat' dir='ltr'><strong>Poetae.”</strong></span> 
     </span>
    </p>
   </div>
   <div class='ocr_carea' id='block_1_6' title="bbox 229 3922 1286 4138">
    <p class='ocr_par' dir='ltr' id='par_1_9' title="bbox 229 3922 1286 4138">
     <span class='ocr_line' id='line_1_31' title="bbox 279 3922 1286 4021; baseline -0.01 -23"><span class='ocrx_word' id='word_1_224' title='bbox 279 3926 369 4000; x_wconf 91' lang='lat' dir='ltr'><strong>Non</strong></span> <span class='ocrx_word' id='word_1_225' title='bbox 380 3925 492 4021; x_wconf 85' lang='lat' dir='ltr'><strong>igitur</strong></span> <span class='ocrx_word' id='word_1_226' title='bbox 504 3947 633 3998; x_wconf 88' lang='lat' dir='ltr'><strong>novam</strong></span> <span class='ocrx_word' id='word_1_227' title='bbox 647 3947 765 4020; x_wconf 88' lang='lat' dir='ltr'><strong>neque</strong></span> <span class='ocrx_word' id='word_1_228' title='bbox 777 3922 993 3994; x_wconf 86' lang='lat' dir='ltr'><strong>intentatam</strong></span> <span class='ocrx_word' id='word_1_229' title='bbox 1006 3941 1083 3990; x_wconf 89' lang='lat' dir='ltr'><strong>rem</strong></span> <span class='ocrx_word' id='word_1_230' title='bbox 1097 3939 1286 4010; x_wconf 84' lang='lat' dir='ltr'><strong>aggressus</strong></span> 
     </span>
     <span class='ocr_line' id='line_1_32' title="bbox 229 4032 1282 4138; baseline -0.013 -21"><span class='ocrx_word' id='word_1_231' title='bbox 229 4053 286 4117; x_wconf 89' lang='lat' dir='ltr'><strong>est</strong></span> <span class='ocrx_word' id='word_1_232' title='bbox 309 4041 507 4128; x_wconf 68' lang='lat' dir='ltr'><strong>Homerus</strong></span> <span class='ocrx_word' id='word_1_233' title='bbox 533 4066 649 4138; x_wconf 90' lang='lat' dir='ltr'><strong>neque</strong></span> <span class='ocrx_word' id='word_1_234' title='bbox 675 4063 743 4112; x_wconf 90' lang='lat' dir='ltr'><strong>suo</strong></span> <span class='ocrx_word' id='word_1_235' title='bbox 769 4039 862 4111; x_wconf 91' lang='lat' dir='ltr'><strong>duce</strong></span> <span class='ocrx_word' id='word_1_236' title='bbox 890 4046 928 4108; x_wconf 89' lang='lat' dir='ltr'><strong>et</strong></span> <span class='ocrx_word' id='word_1_237' title='bbox 955 4032 1127 4129; x_wconf 84' lang='lat' dir='ltr'><strong>magistro</strong></span> <span class='ocrx_word' id='word_1_238' title='bbox 1155 4032 1282 4105; x_wconf 89' lang='lat' dir='ltr'><strong>caruit.</strong></span> 
     </span>
    </p>
   </div>
   <div class='ocr_carea' id='block_1_7' title="bbox 270 4219 1243 4390">
    <p class='ocr_par' dir='ltr' id='par_1_10' title="bbox 270 4219 1243 4390">
     <span class='ocr_line' id='line_1_33' title="bbox 270 4219 1243 4305; baseline -0.01 -15"><span class='ocrx_word' id='word_1_239' title='bbox 270 4233 279 4266; x_wconf 78' lang='lat'><strong><em>¹</em></strong></span> <span class='ocrx_word' id='word_1_240' title='bbox 297 4245 358 4291; x_wconf 77' lang='grc' dir='ltr'>Βατ.</span> <span class='ocrx_word' id='word_1_241' title='bbox 378 4256 459 4305; x_wconf 64' lang='lat' dir='ltr'><strong>noga.</strong></span> <span class='ocrx_word' id='word_1_242' title='bbox 1041 4234 1053 4266; x_wconf 62' lang='grc' dir='ltr'><strong>Β</strong></span> <span class='ocrx_word' id='word_1_243' title='bbox 1073 4224 1157 4295; x_wconf 73' lang='lat' dir='ltr'><strong>AEn,</strong></span> <span class='ocrx_word' id='word_1_244' title='bbox 1171 4220 1190 4279; x_wconf 91' lang='lat' dir='ltr'><strong>l.</strong></span> <span class='ocrx_word' id='word_1_245' title='bbox 1206 4219 1243 4280; x_wconf 78' lang='lat' dir='ltr'><strong>vi.</strong></span> 
     </span>
     <span class='ocr_line' id='line_1_34' title="bbox 307 4303 1201 4390; baseline -0.012 -19"><span class='ocrx_word' id='word_1_246' title='bbox 307 4313 322 4358; x_wconf 59' lang='lat' dir='ltr'><strong>l</strong></span> <span class='ocrx_word' id='word_1_247' title='bbox 342 4311 412 4373; x_wconf 85' lang='lat' dir='ltr'><strong>Vid.</strong></span> <span class='ocrx_word' id='word_1_248' title='bbox 429 4311 512 4371; x_wconf 84' lang='lat' dir='ltr'><strong>Plut.</strong></span> <span class='ocrx_word' id='word_1_249' title='bbox 528 4309 644 4390; x_wconf 81' lang='grc' dir='ltr'>Αροῐορ.</span> <span class='ocrx_word' id='word_1_250' title='bbox 662 4308 802 4368; x_wconf 71' lang='lat' dir='ltr'><strong>Socratis.</strong></span> <span class='ocrx_word' id='word_1_251' title='bbox 994 4304 1002 4338; x_wconf 75' lang='lat'><em>¹</em></span> <span class='ocrx_word' id='word_1_252' title='bbox 1021 4303 1088 4363; x_wconf 89' lang='lat' dir='ltr'><strong>Lib.</strong></span> <span class='ocrx_word' id='word_1_253' title='bbox 1104 4323 1130 4362; x_wconf 88' lang='lat' dir='ltr'><strong>v.</strong></span> <span class='ocrx_word' id='word_1_254' title='bbox 1145 4323 1201 4372; x_wconf 76' lang='lat'><strong>3²⁷-</strong></span> 
     </span>
    </p>
   </div>
   <div class='ocr_carea' id='block_1_8' title="bbox 0 0 1552 4898">
    <p class='ocr_par' dir='ltr' id='par_1_11' title="bbox 0 0 1552 4898">
     <span class='ocr_line' id='line_1_35' title="bbox 0 0 1552 4898; baseline 0 3"><span class='ocrx_word' id='word_1_255' title='bbox 0 0 1552 4898; x_wconf 95' lang='lat' dir='ltr'><strong> </strong></span> 
     </span>
    </p>
   </div>
  </div>
 </body>
</html>
