3058 4902
302 316 368 382 336
610 323 823 374 amoeno
851 323 1023 372 vronsrrnr.

299 475 525 549 diversorum
542 471 733 545 hominum
752 469 876 543 oratio.
912 469 957 542 In
974 467 1154 564 legatione
1173 469 1219 542 ad
1232 468 1359 544 Achil-

298 595 372 666 lem
393 591 518 663 eadem
539 597 596 662 cst
616 612 852 684 personarum
870 587 1123 684 discrepantia,
1143 587 1232 660 dnm
1255 597 1361 660 exoa

300 733 386 781 eum
404 730 513 802 quem
535 728 769 778 communem
786 703 921 775 habent
947 726 1074 775 omnes
1099 702 1229 798 agendi
1247 703 1359 776 linem

301 846 346 894 ex
364 823 506 918 privato
527 821 679 892 consilio
702 842 803 890 snam
822 817 974 914 quisque
994 827 1130 892 metam
1148 823 1300 912 spectat,
1319 823 1358 890 et

300 957 401 1006 snam
421 933 557 1006 insistit
574 933 680 1004 viam.
733 930 858 1027 Ulyssi
875 929 913 1001 in
930 929 1051 1002 animo
1068 939 1124 1003 est
1141 929 1359 1026 eloquentia

300 1051 454 1145 palmam
475 1047 543 1121 sibi
567 1070 724 1120 asserere
747 1053 784 1120 et
801 1043 994 1118 verborum
1010 1045 1047 1116 vi
1072 1051 1183 1141 atquc
1205 1045 1359 1118 artificio

300 1164 475 1237 auditoris
498 1162 660 1236 animum
686 1161 842 1234 flectere.
896 1159 1051 1232 Phoenix
1068 1159 1250 1232 Achillem
1274 1167 1359 1232 tan-

301 1304 408 1378 quam
436 1281 622 1353 alumnum
650 1301 759 1351 suum
785 1275 983 1372 alloquitur
1010 1281 1048 1348 ct
1076 1273 1114 1346 in
1144 1276 1359 1349 memoriam

302 1397 354 1468 illi
379 1406 526 1468 revocat
554 1417 677 1467 curam
703 1404 739 1466 et
764 1417 921 1465 amorem
947 1416 1020 1488 quo
1050 1391 1152 1464 illum
1178 1392 1215 1463 in
1240 1391 1360 1488 prima

302 1511 458 1607 pueritia
484 1511 641 1595 fovebat,
666 1508 813 1582 monitis
841 1508 950 1580 etiam
978 1517 1015 1580 et
1040 1506 1214 1603 exemplis
1237 1508 1359 1582 allatis

302 1629 347 1700 ad
365 1627 543 1700 saniorem
563 1631 719 1698 mentem
740 1647 906 1696 revocare
923 1625 1014 1696 vult.
1066 1623 1161 1719 Ajax
1178 1625 1304 1719 paneis
1320 1637 1361 1698 et

301 1743 466 1816 ferociter
496 1765 580 1814 suas
614 1751 736 1838 partes
767 1739 917 1836 peragit.
970 1738 1094 1811 Unam
1122 1763 1200 1810 rem
1230 1764 1359 1814 omnes

302 1865 416 1954 agunt
433 1859 496 1932 sed
514 1857 648 1952 dispari
673 1856 795 1929 studio
821 1861 858 1929 et
882 1856 990 1950 longe
1014 1855 1086 1928 alio
1111 1853 1223 1927 animi
1240 1863 1358 1930 motu.

301 1976 388 2048 Non
414 1975 596 2070 igiturex
622 1973 844 2070 argumentis
869 1973 986 2046 unicis
1011 1972 1089 2045 haec
1113 1973 1247 2068 legatio
1271 1999 1359 2047 oon-

302 2099 375 2164 stat
393 2092 456 2164 sed
482 2115 527 2163 ex
553 2097 695 2163 morata
719 2091 894 2164 oratione.
948 2089 992 2160 In
1013 2089 1141 2162 eodem
1157 2089 1249 2162 libro
1266 2089 1359 2164 Dio-

301 2207 424 2280 medes
454 2206 542 2278 dnm
565 2207 833 2302 Agamemnoni
863 2207 1076 2279 adversatur
1100 2207 1212 2278 finem
1238 2207 1357 2294 illum,

301 2347 410 2419 quem
428 2347 570 2420 semper
593 2322 753 2419 propiori
779 2321 882 2419 quasi
907 2328 1104 2418 conspectu
1121 2327 1206 2395 ante
1230 2325 1359 2397 oculos

302 2439 422 2526 habet,
444 2438 609 2512 militaris
632 2437 776 2510 virtutis
802 2437 954 2534 gloriam
977 2437 1095 2510 verbis
1120 2439 1215 2510 clare
1239 2463 1358 2513 enun-

289 2559 371 2654 tiat
388 2567 498 2654 atque
515 2557 605 2629 adeo
622 2579 741 2628 mores
758 2579 845 2628 snos
862 2561 900 2627 et
917 2553 1028 2626 animi
1046 2555 1224 2628 habitum.

362 2675 500 2748 Iterum
538 2673 727 2770 Sarpedon
752 2671 946 2746 «Glaucum
985 2673 1124 2745 socium
1164 2697 1274 2746 sunm
1311 2677 1357 2748 ad

302 2797 449 2863 strenue
482 2789 722 2885 pugnandum
751 2787 919 2864 hortatur
936 2795 1083 2884 propter
1106 2789 1217 2862 finem
1246 2817 1359 2886 quem

301 2917 378 2980 tam
404 2905 606 3000 magnificis
631 2905 751 2978 verbis
778 2905 936 2978 declarat
960 2905 1056 3000 regis
1081 2929 1166 3001 erga
1190 2907 1357 2982 subditos

303 3045 388 3095 suos
425 3023 596 3095 officium.
660 3021 887 3094 Mollissimis
923 3021 1043 3094 verbis
1076 3021 1358 3097 Andromachen

303 3161 407 3209 suam
424 3137 563 3210 solatur
580 3137 730 3223 Hector,
750 3139 856 3210 savis
874 3137 1003 3210 Parida
1019 3137 1208 3234 objurgat3
1235 3139 1299 3211 sed
1317 3140 1357 3212 in

303 3253 360 3326 his
377 3261 453 3327 tam
471 3254 620 3328 diversis
645 3254 752 3329 rebus
778 3255 875 3328 idem
898 3254 1033 3328 eminet
1057 3256 1233 3329 honestus
1256 3281 1359 3331 amor

303 3370 429 3466 patriae
447 3371 565 3467 quiin
582 3371 744 3444 moribus
762 3371 841 3466 ejus
860 3371 1078 3444 dominatur.

356 3486 441 3559 Sive
458 3487 570 3583 igitur
586 3512 697 3584 super
710 3489 835 3560 eadem
852 3513 891 3560 re
908 3487 978 3560 alia
992 3488 1051 3560 alii
1069 3489 1274 3585 loquantur,
1288 3514 1356 3564 seu

303 3601 341 3674 in
360 3603 510 3677 diversis
527 3628 601 3678 una
619 3605 693 3677 lere
719 3605 766 3678 sit
791 3611 857 3678 aut
873 3603 1071 3678 consimilis
1095 3605 1258 3702 ejusdem
1274 3631 1357 3703 per·

304 3743 403 3791 sonae
430 3721 622 3807 sententia,
647 3729 744 3794 certe
776 3721 802 3793 ii
829 3720 892 3818 qui
919 3723 1120 3818 loquuntur
1144 3729 1248 3796 extra
1274 3747 1357 3796 eam

304 3859 415 3931 qnam
440 3836 615 3910 nudares
640 3837 746 3910 offert
771 3839 957 3910 materiem
985 3844 1185 3933 evagantur
1206 3847 1244 3912 et
1268 3863 1357 3912 suos

305 3949 416 4022 animi
443 3951 588 4024 habitus
614 3953 765 4025 affectus
781 3954 838 4026 vel
866 3953 1055 4050 opiniones
1077 3954 1209 4048 quibus
1233 3979 1357 4028 assue-

305 4067 423 4139 verint
452 4092 537 4140 cnm
572 4070 679 4140 rebus
713 4068 928 4156 immiscent,
960 4077 998 4141 et
1030 4070 1229 4142 conficiunt
1263 4071 1357 4144 hanc

305 4205 415 4276 quam
433 4183 590 4257 diximus
617 4185 746 4257 sabulae
764 4194 801 4258 et
827 4209 967 4258 nrornm
988 4185 1208 4258 societatem.
1261 4185 1358 4259 Rur-

304 4319 368 4369 suo
390 4297 427 4369 in
448 4299 559 4394 priori
578 4302 751 4398 Odysseae
776 4311 889 4397 parte,
909 4301 1082 4400 quicquid
1105 4299 1235 4377 dixerit
1251 4301 1355 4376 Tele-
