3058 4902
449 342 664 392 remaneam
688 343 992 392 uncina-ocrim.
1180 327 1245 394 307

189 491 335 588 quidem
365 491 475 588 paulo
503 490 617 586 magis
644 493 750 578 elata,
779 516 910 587 magno
938 502 1060 566 autem
1095 502 1131 563 et
1158 515 1244 563 vero

187 632 421 703 personarum
437 605 650 682 discrimine.
680 609 736 682 Ita
748 608 906 682 conflata
922 619 977 682 est
992 607 1117 694 Scene,
1130 607 1243 680 totius

186 724 304 820 operis
334 723 549 796 membrum.
602 724 694 797 Mox
725 726 764 797 in
798 726 925 800 eadem
958 723 1117 798 historiae
1151 723 1242 796 serie

186 853 284 926 aliud
309 851 495 926 consimile
522 840 837 943 ἀποσπασμάτων
860 853 937 951 pari
965 853 1072 927 modo
1100 852 1241 926 confor-

186 969 311 1055 mavit,
334 993 420 1041 mox
447 968 544 1040 aliud
571 975 681 1064 atque
707 970 816 1056 aliud,
845 979 954 1066 atque
981 971 1058 1044 haec
1084 969 1179 1042 inter
1203 991 1241 1040 se

186 1086 389 1158 narratione
420 1085 628 1157 Dramatice
661 1083 874 1182 interposita
909 1086 1119 1183 conjunxit3
1155 1109 1239 1157 con·

185 1202 341 1274 servavit
357 1226 467 1297 porro
484 1200 648 1274 ordinem
666 1203 852 1297 temporis,
870 1227 996 1299 eoquo
1010 1200 1125 1275 voluit
1143 1223 1240 1272 nunc

185 1319 318 1414 majore
335 1342 433 1390 nuno
459 1316 598 1389 minore
622 1318 821 1405 intervallo,
842 1320 957 1392 donec
974 1343 1017 1391 er
1041 1319 1239 1390 multarum

184 1433 343 1528 partium
369 1434 426 1505 vel
453 1431 651 1505 Scenarum
677 1437 911 1530 congestione
936 1429 1056 1508 totum
1083 1457 1175 1530 opus
1200 1433 1239 1505 in
1319 1499 1323 1508 .

183 1549 336 1644 legitimi
359 1549 540 1623 Dramatis
569 1550 853 1646 magnitudinem
875 1550 1088 1624 accreverit:
1116 1550 1239 1647 aliquo

184 1667 397 1762 plerumque
415 1665 565 1739 consilio
582 1667 693 1739 finem
710 1669 810 1763 operi
827 1667 1011 1765 imposuit,
1031 1691 1096 1740 neo
1112 1674 1238 1739 tamen

183 1793 349 1856 accurate
362 1783 408 1854 ad
425 1805 591 1855 normam
605 1791 745 1871 exacto,
760 1808 876 1880 neque
890 1785 979 1858 illud
992 1791 1120 1857 contra
1133 1784 1239 1878 longe

184 1898 379 1995 exquisivit
392 1924 434 1972 ex
451 1924 523 1996 qua
536 1905 638 1997 parte
652 1901 796 1973 initium
810 1911 978 1974 sumeret.
1010 1901 1066 1973 Ita
1079 1900 1166 1972 dum
1180 1923 1238 1972 ru-

184 2016 238 2088 dis
249 2027 286 2090 et
299 2017 485 2113 squallidae
496 2017 722 2113 antiquitatis
733 2019 807 2090 fido
820 2043 946 2114 gressu
956 2016 1108 2114 vestigia
1120 2017 1238 2114 sequi·

184 2143 256 2219 tur,
272 2157 389 2229 neque
407 2134 477 2205 alia
495 2134 563 2206 sihi
577 2133 732 2207 divortia
749 2140 814 2208 aut
832 2135 1055 2209 incrementa
1072 2132 1237 2231 exquirit,

183 2251 255 2322 uisi
269 2259 310 2323 ut
327 2249 477 2322 latentia
493 2275 731 2346 personarum
746 2252 954 2326 discrimina
970 2254 1008 2325 in
1020 2251 1138 2326 lucem
1155 2276 1239 2348 pro-

184 2366 287 2452 terat,
307 2367 498 2440 historiam
516 2368 664 2440 conficit
680 2393 768 2442 vero
792 2371 922 2466 spiritu
946 2377 983 2444 et
1004 2393 1073 2442 usu
1090 2368 1239 2441 Poetico

183 2481 371 2569 imbutam,
391 2489 434 2555 ut
460 2483 613 2557 miretur
638 2484 750 2580 siquis
776 2493 941 2559 vetustos
965 2509 1083 2557 rerum
1109 2484 1238 2579 Angli-

182 2621 353 2672 canorum
368 2599 559 2696 scriptores
572 2625 655 2673 oum
669 2601 766 2674 illius
784 2602 926 2698 scriptis
944 2601 1114 2685 conferat,
1130 2624 1237 2697 quam

181 2715 279 2790 facili
294 2717 450 2790 tmusitu
467 2727 503 2790 et
525 2719 596 2790 levi
620 2719 821 2792 mutatione
843 2718 880 2790 in
902 2719 995 2791 hanc
1018 2741 1150 2790 novam
1167 2717 1237 2788 for-

181 2856 278 2905 mam
293 2833 526 2928 effinguntur.
571 2834 682 2908 Haud
700 2834 851 2908 absimili
869 2836 977 2908 modo
995 2859 1040 2906 ex
1053 2833 1237 2906 Plutarchi

180 2949 282 3022 Julio
306 2947 458 3040 Oaesare,
486 2952 660 3036 Antonio,
687 2962 724 3025 et
749 2951 939 3025 Coriolano
967 2952 1037 3024 alia
1062 2949 1237 3023 Dramata

181 3065 350 3153 confecit,
380 3091 460 3162 quae
490 3067 679 3142 historiam
714 3070 860 3142 illorum
890 3079 1097 3166 temporum
1126 3092 1236 3165 quam

181 3184 336 3256 maxime
354 3184 550 3271 illustrant,
565 3209 650 3257 cum
667 3209 787 3257 veram
806 3197 844 3258 et
861 3185 983 3258 vivam
1000 3209 1235 3282 personarum

179 3297 370 3396 imaginem
384 3302 604 3396 exprimunt.
623 3299 706 3374 Hoc
720 3325 804 3374 vero
822 3313 888 3388 est,
902 3327 943 3375 ea
956 3303 1051 3374 enim
1067 3301 1111 3373 de
1128 3324 1236 3374 causa

179 3413 218 3487 in
236 3416 331 3488 hanc
346 3415 649 3513 disceptationem
672 3417 876 3506 incidimus,
896 3443 940 3491 ex
961 3420 1069 3491 unica
1085 3415 1235 3489 Morum

181 3530 394 3616 imitatione,
413 3532 535 3605 fabula
558 3534 685 3606 saltem
704 3541 853 3608 eatenus
877 3534 986 3607 modo
1003 3533 1174 3618 adhibita,
1192 3541 1235 3604 ut

180 3671 255 3720 non
276 3648 412 3720 inertes
436 3649 500 3721 sed
523 3648 808 3746 interagendum
825 3673 988 3748 personae
1012 3649 1233 3745 conspician-

179 3771 253 3850 tur,
267 3763 397 3837 Poesin
411 3765 591 3860 complere
605 3773 640 3838 et
651 3767 729 3862 ejus
743 3768 853 3839 finem
867 3768 1021 3864 assequi.
1041 3765 1170 3864 Neque
1181 3765 1235 3838 in·

174 3879 269 3976 juria
287 3905 397 3977 opera
415 3880 588 3956 miramur
605 3907 686 3980 quae
704 3891 741 3957 et
754 3885 828 3957 vim
841 3884 1025 3958 Poeticam
1043 3884 1180 3979 spirant
1197 3890 1235 3955 et

176 3995 282 4083 illum
300 3997 379 4094 ejus
398 4021 507 4070 usum
525 4007 770 4096 assequuntur
787 4026 852 4097 per
869 4025 978 4098 quem
991 3999 1234 4095 Philosophiae

177 4114 296 4187 affinis
313 4125 380 4203 est,
400 4125 442 4187 ut
461 4115 505 4188 de
523 4117 692 4190 universa
717 4118 907 4191 hominum
925 4117 1001 4190 vita
1018 4127 1054 4190 et
1072 4117 1234 4189 moribus

179 4229 522 4306 nobisdooumento
540 4235 599 4306 sit.
656 4233 757 4318 Quid
774 4235 910 4331 igitur?
962 4233 1078 4305 Nihili
1095 4243 1150 4306 est
1167 4231 1231 4305 Fa-

177 4346 265 4420 bula
299 4352 364 4421 aut
399 4374 471 4446 prae
501 4349 667 4424 Moribus
702 4351 804 4425 nihili
833 4351 1025 4426 habenda?
1086 4349 1230 4447 Nequa-

674 4471 742 4539 x2
