<?xml version="1.0" encoding="UTF-8"?>
<!DOCTYPE html PUBLIC "-//W3C//DTD XHTML 1.0 Transitional//EN"
    "http://www.w3.org/TR/xhtml1/DTD/xhtml1-transitional.dtd">
<html xmlns="http://www.w3.org/1999/xhtml" xml:lang="en" lang="en">
 <head>
  <title>
</title>
<meta http-equiv="Content-Type" content="text/html;charset=utf-8" />
  <meta name='ocr-system' content='tesseract 3.04.00' />
  <meta name='ocr-capabilities' content='ocr_page ocr_carea ocr_par ocr_line ocrx_word'/>
</head>
<body>
  <div class='ocr_page' id='page_1' title='image "./prlectionesacad00randgoog_0325.png"; bbox 0 0 3058 4902; ppageno 0'>
   <div class='ocr_carea' id='block_1_1' title="bbox 683 0 1339 1">
    <p class='ocr_par' dir='ltr' id='par_1_1' title="bbox 683 0 1339 1">
     <span class='ocr_line' id='line_1_1' title="bbox 683 0 1339 1; baseline 0 0"><span class='ocrx_word' id='word_1_1' title='bbox 683 0 1339 1; x_wconf 95' lang='lat' dir='ltr'> </span> 
     </span>
    </p>
   </div>
   <div class='ocr_carea' id='block_1_2' title="bbox 482 360 1259 424">
    <p class='ocr_par' dir='ltr' id='par_1_2' title="bbox 482 360 1259 424">
     <span class='ocr_line' id='line_1_2' title="bbox 482 360 1259 424; baseline 0.01 -8"><span class='ocrx_word' id='word_1_2' title='bbox 482 367 691 417; x_wconf 78' lang='lat' dir='ltr'>rnnnnorro</span> <span class='ocrx_word' id='word_1_3' title='bbox 710 368 972 420; x_wconf 67' lang='lat' dir='ltr'>onoma-rous.</span> <span class='ocrx_word' id='word_1_4' title='bbox 1196 360 1259 424; x_wconf 83' lang='lat'>315</span> 
     </span>
    </p>
   </div>
   <div class='ocr_carea' id='block_1_3' title="bbox 207 517 1262 2845">
    <p class='ocr_par' dir='ltr' id='par_1_3' title="bbox 207 517 1262 2845">
     <span class='ocr_line' id='line_1_3' title="bbox 207 517 1258 618; baseline 0.003 -26"><span class='ocrx_word' id='word_1_5' title='bbox 207 542 288 593; x_wconf 85' lang='lat' dir='ltr'>care</span> <span class='ocrx_word' id='word_1_6' title='bbox 304 519 407 604; x_wconf 91' lang='lat' dir='ltr'>solet,</span> <span class='ocrx_word' id='word_1_7' title='bbox 427 519 529 617; x_wconf 89' lang='lat' dir='ltr'>quasi</span> <span class='ocrx_word' id='word_1_8' title='bbox 547 517 623 592; x_wconf 91' lang='lat' dir='ltr'>sine</span> <span class='ocrx_word' id='word_1_9' title='bbox 649 519 720 593; x_wconf 90' lang='lat' dir='ltr'>illis</span> <span class='ocrx_word' id='word_1_10' title='bbox 745 544 907 594; x_wconf 84' lang='lat' dir='ltr'>exserere</span> <span class='ocrx_word' id='word_1_11' title='bbox 934 545 1012 594; x_wconf 88' lang='lat' dir='ltr'>sese</span> <span class='ocrx_word' id='word_1_12' title='bbox 1029 532 1066 595; x_wconf 91' lang='lat' dir='ltr'>et</span> <span class='ocrx_word' id='word_1_13' title='bbox 1083 521 1129 595; x_wconf 91' lang='lat' dir='ltr'>ad</span> <span class='ocrx_word' id='word_1_14' title='bbox 1152 545 1258 618; x_wconf 86' lang='lat' dir='ltr'>agen-</span> 
     </span>
     <span class='ocr_line' id='line_1_4' title="bbox 209 637 1261 734; baseline 0.004 -26"><span class='ocrx_word' id='word_1_15' title='bbox 209 637 297 709; x_wconf 90' lang='lat' dir='ltr'>dum</span> <span class='ocrx_word' id='word_1_16' title='bbox 320 638 506 733; x_wconf 82' lang='lat' dir='ltr'>accingere</span> <span class='ocrx_word' id='word_1_17' title='bbox 531 659 679 734; x_wconf 90' lang='lat' dir='ltr'>prorsus</span> <span class='ocrx_word' id='word_1_18' title='bbox 706 638 870 724; x_wconf 89' lang='lat' dir='ltr'>nesciret,</span> <span class='ocrx_word' id='word_1_19' title='bbox 890 639 979 711; x_wconf 89' lang='lat' dir='ltr'>adeo</span> <span class='ocrx_word' id='word_1_20' title='bbox 996 645 1039 711; x_wconf 89' lang='lat' dir='ltr'>ut</span> <span class='ocrx_word' id='word_1_21' title='bbox 1063 638 1103 710; x_wconf 89' lang='lat' dir='ltr'>ii1</span> <span class='ocrx_word' id='word_1_22' title='bbox 1128 641 1261 713; x_wconf 87' lang='lat' dir='ltr'>affecti-</span> 
     </span>
     <span class='ocr_line' id='line_1_5' title="bbox 209 753 1261 850; baseline 0.003 -25"><span class='ocrx_word' id='word_1_23' title='bbox 209 753 278 826; x_wconf 90' lang='lat' dir='ltr'>bus</span> <span class='ocrx_word' id='word_1_24' title='bbox 297 755 452 826; x_wconf 82' lang='lat' dir='ltr'><strong>maxime</strong></span> <span class='ocrx_word' id='word_1_25' title='bbox 469 753 636 826; x_wconf 89' lang='lat' dir='ltr'>violentis</span> <span class='ocrx_word' id='word_1_26' title='bbox 659 753 789 850; x_wconf 86' lang='lat' dir='ltr'>aliquis</span> <span class='ocrx_word' id='word_1_27' title='bbox 814 761 938 827; x_wconf 86' lang='lat' dir='ltr'>tamen</span> <span class='ocrx_word' id='word_1_28' title='bbox 954 753 1033 827; x_wconf 88' lang='lat' dir='ltr'>fieri</span> <span class='ocrx_word' id='word_1_29' title='bbox 1061 755 1175 848; x_wconf 88' lang='lat' dir='ltr'>soleat</span> <span class='ocrx_word' id='word_1_30' title='bbox 1192 756 1261 828; x_wconf 90' lang='lat' dir='ltr'>dis·</span> 
     </span>
     <span class='ocr_line' id='line_1_6' title="bbox 210 868 1260 969; baseline 0.002 -27"><span class='ocrx_word' id='word_1_31' title='bbox 210 893 347 943; x_wconf 89' lang='lat' dir='ltr'>cursus.</span> <span class='ocrx_word' id='word_1_32' title='bbox 398 868 488 942; x_wconf 85' lang='lat' dir='ltr'>Haec</span> <span class='ocrx_word' id='word_1_33' title='bbox 505 868 600 942; x_wconf 89' lang='lat' dir='ltr'>inter</span> <span class='ocrx_word' id='word_1_34' title='bbox 617 869 704 942; x_wconf 85' lang='lat' dir='ltr'>alias</span> <span class='ocrx_word' id='word_1_35' title='bbox 722 871 840 942; x_wconf 88' lang='lat' dir='ltr'>afferri</span> <span class='ocrx_word' id='word_1_36' title='bbox 858 877 979 965; x_wconf 89' lang='lat' dir='ltr'>potest</span> <span class='ocrx_word' id='word_1_37' title='bbox 996 893 1116 958; x_wconf 84' lang='lat' dir='ltr'>eausa,</span> <span class='ocrx_word' id='word_1_38' title='bbox 1137 895 1260 969; x_wconf 89' lang='lat' dir='ltr'>quam-</span> 
     </span>
     <span class='ocr_line' id='line_1_7' title="bbox 209 983 1260 1082; baseline 0.002 -24"><span class='ocrx_word' id='word_1_39' title='bbox 209 986 333 1058; x_wconf 91' lang='lat' dir='ltr'>obrem</span> <span class='ocrx_word' id='word_1_40' title='bbox 358 993 415 1058; x_wconf 88' lang='lat' dir='ltr'>tot</span> <span class='ocrx_word' id='word_1_41' title='bbox 440 983 627 1082; x_wconf 84' lang='lat' dir='ltr'>colloquiis</span> <span class='ocrx_word' id='word_1_42' title='bbox 654 991 792 1058; x_wconf 84' lang='lat' dir='ltr'>ettam</span> <span class='ocrx_word' id='word_1_43' title='bbox 819 985 1068 1082; x_wconf 78' lang='lat' dir='ltr'>frequentibus</span> <span class='ocrx_word' id='word_1_44' title='bbox 1094 986 1260 1061; x_wconf 89' lang='lat' dir='ltr'>orationi·</span> 
     </span>
     <span class='ocr_line' id='line_1_8' title="bbox 209 1099 1261 1201; baseline 0.002 -29"><span class='ocrx_word' id='word_1_45' title='bbox 209 1100 278 1175; x_wconf 91' lang='lat' dir='ltr'>bus</span> <span class='ocrx_word' id='word_1_46' title='bbox 308 1108 476 1198; x_wconf 88' lang='lat' dir='ltr'>poemata</span> <span class='ocrx_word' id='word_1_47' title='bbox 506 1126 572 1174; x_wconf 89' lang='lat' dir='ltr'>sua</span> <span class='ocrx_word' id='word_1_48' title='bbox 602 1099 808 1174; x_wconf 86' lang='lat' dir='ltr'>distinxerit</span> <span class='ocrx_word' id='word_1_49' title='bbox 837 1109 874 1176; x_wconf 90' lang='lat' dir='ltr'>et</span> <span class='ocrx_word' id='word_1_50' title='bbox 902 1101 1149 1189; x_wconf 80' lang='lat' dir='ltr'>illustraverit,</span> <span class='ocrx_word' id='word_1_51' title='bbox 1181 1127 1261 1201; x_wconf 88' lang='lat' dir='ltr'>quae</span> 
     </span>
     <span class='ocr_line' id='line_1_9' title="bbox 210 1217 1261 1316; baseline 0.001 -25"><span class='ocrx_word' id='word_1_52' title='bbox 210 1218 331 1291; x_wconf 90' lang='lat' dir='ltr'>omnia</span> <span class='ocrx_word' id='word_1_53' title='bbox 358 1219 471 1316; x_wconf 89' lang='lat' dir='ltr'>siquis</span> <span class='ocrx_word' id='word_1_54' title='bbox 505 1217 544 1290; x_wconf 94' lang='lat' dir='ltr'>in</span> <span class='ocrx_word' id='word_1_55' title='bbox 573 1217 723 1313; x_wconf 84' lang='lat' dir='ltr'>longum</span> <span class='ocrx_word' id='word_1_56' title='bbox 759 1217 936 1314; x_wconf 88' lang='lat' dir='ltr'>producta</span> <span class='ocrx_word' id='word_1_57' title='bbox 963 1219 1020 1292; x_wconf 85' lang='lat' dir='ltr'>vel</span> <span class='ocrx_word' id='word_1_58' title='bbox 1056 1219 1163 1292; x_wconf 92' lang='lat' dir='ltr'>nimis</span> <span class='ocrx_word' id='word_1_59' title='bbox 1193 1220 1210 1291; x_wconf 85' lang='lat' dir='ltr'>l</span> <span class='ocrx_word' id='word_1_60' title='bbox 1247 1261 1261 1274; x_wconf 93' lang='lat'><strong>·</strong></span> 
     </span>
     <span class='ocr_line' id='line_1_10' title="bbox 211 1334 1261 1432; baseline 0 -24"><span class='ocrx_word' id='word_1_61' title='bbox 211 1342 362 1431; x_wconf 89' lang='lat' dir='ltr'>quenter</span> <span class='ocrx_word' id='word_1_62' title='bbox 379 1343 417 1408; x_wconf 92' lang='lat' dir='ltr'>et</span> <span class='ocrx_word' id='word_1_63' title='bbox 442 1359 570 1432; x_wconf 89' lang='lat' dir='ltr'>parum</span> <span class='ocrx_word' id='word_1_64' title='bbox 597 1345 802 1431; x_wconf 90' lang='lat' dir='ltr'>opportune</span> <span class='ocrx_word' id='word_1_65' title='bbox 828 1334 1042 1431; x_wconf 90' lang='lat' dir='ltr'>interposita</span> <span class='ocrx_word' id='word_1_66' title='bbox 1067 1335 1261 1408; x_wconf 85' lang='lat' dir='ltr'>arbitratus</span> 
     </span>
     <span class='ocr_line' id='line_1_11' title="bbox 209 1449 1262 1538; baseline -0.002 -14"><span class='ocrx_word' id='word_1_67' title='bbox 209 1452 328 1538; x_wconf 88' lang='lat' dir='ltr'>fuerit,</span> <span class='ocrx_word' id='word_1_68' title='bbox 358 1459 397 1525; x_wconf 88' lang='lat' dir='ltr'>at</span> <span class='ocrx_word' id='word_1_69' title='bbox 430 1450 634 1525; x_wconf 90' lang='lat' dir='ltr'>meminerit</span> <span class='ocrx_word' id='word_1_70' title='bbox 667 1449 819 1534; x_wconf 87' lang='lat' dir='ltr'>Poetam</span> <span class='ocrx_word' id='word_1_71' title='bbox 853 1451 1053 1524; x_wconf 83' lang='lat' dir='ltr'>necessaria</span> <span class='ocrx_word' id='word_1_72' title='bbox 1086 1451 1262 1524; x_wconf 85' lang='lat' dir='ltr'>scribendi</span> 
     </span>
     <span class='ocr_line' id='line_1_12' title="bbox 211 1565 1260 1663; baseline -0.002 -24"><span class='ocrx_word' id='word_1_73' title='bbox 211 1568 288 1662; x_wconf 81' lang='lat' dir='ltr'>lege</span> <span class='ocrx_word' id='word_1_74' title='bbox 311 1593 353 1641; x_wconf 83' lang='lat' dir='ltr'>eo</span> <span class='ocrx_word' id='word_1_75' title='bbox 369 1569 513 1663; x_wconf 84' lang='lat' dir='ltr'>longius</span> <span class='ocrx_word' id='word_1_76' title='bbox 539 1589 705 1639; x_wconf 82' lang='lat' dir='ltr'>enarrare</span> <span class='ocrx_word' id='word_1_77' title='bbox 723 1589 803 1662; x_wconf 85' lang='lat' dir='ltr'>quae</span> <span class='ocrx_word' id='word_1_78' title='bbox 829 1565 1162 1663; x_wconf 89' lang='lat' dir='ltr'>interloquendum</span> <span class='ocrx_word' id='word_1_79' title='bbox 1180 1567 1260 1639; x_wconf 89' lang='lat' dir='ltr'>bre-</span> 
     </span>
     <span class='ocr_line' id='line_1_13' title="bbox 208 1681 1260 1783; baseline -0.004 -25"><span class='ocrx_word' id='word_1_80' title='bbox 208 1685 301 1758; x_wconf 84' lang='lat' dir='ltr'>viter</span> <span class='ocrx_word' id='word_1_81' title='bbox 317 1691 552 1783; x_wconf 83' lang='lat' dir='ltr'>peraguntur,</span> <span class='ocrx_word' id='word_1_82' title='bbox 571 1684 689 1756; x_wconf 90' lang='lat' dir='ltr'>multo</span> <span class='ocrx_word' id='word_1_83' title='bbox 716 1682 823 1754; x_wconf 87' lang='lat' dir='ltr'>etiam</span> <span class='ocrx_word' id='word_1_84' title='bbox 849 1683 963 1778; x_wconf 85' lang='lat' dir='ltr'>magis</span> <span class='ocrx_word' id='word_1_85' title='bbox 982 1682 1044 1755; x_wconf 93' lang='lat' dir='ltr'>ubi</span> <span class='ocrx_word' id='word_1_86' title='bbox 1062 1681 1179 1754; x_wconf 87' lang='lat' dir='ltr'>verbis</span> <span class='ocrx_word' id='word_1_87' title='bbox 1197 1706 1260 1754; x_wconf 84' lang='lat' dir='ltr'>ex-</span> 
     </span>
     <span class='ocr_line' id='line_1_14' title="bbox 209 1797 1260 1897; baseline -0.004 -23"><span class='ocrx_word' id='word_1_88' title='bbox 209 1803 376 1897; x_wconf 90' lang='lat' dir='ltr'>ponenda</span> <span class='ocrx_word' id='word_1_89' title='bbox 393 1807 481 1875; x_wconf 89' lang='lat' dir='ltr'>sunt</span> <span class='ocrx_word' id='word_1_90' title='bbox 498 1807 635 1874; x_wconf 88' lang='lat' dir='ltr'>secreta</span> <span class='ocrx_word' id='word_1_91' title='bbox 653 1798 764 1872; x_wconf 84' lang='lat' dir='ltr'>enimi</span> <span class='ocrx_word' id='word_1_92' title='bbox 789 1801 940 1874; x_wconf 88' lang='lat' dir='ltr'>consilia</span> <span class='ocrx_word' id='word_1_93' title='bbox 957 1823 1037 1896; x_wconf 86' lang='lat' dir='ltr'>quae</span> <span class='ocrx_word' id='word_1_94' title='bbox 1054 1797 1149 1871; x_wconf 90' lang='lat' dir='ltr'>inter</span> <span class='ocrx_word' id='word_1_95' title='bbox 1165 1800 1260 1894; x_wconf 85' lang='lat' dir='ltr'>cogi·</span> 
     </span>
     <span class='ocr_line' id='line_1_15' title="bbox 210 1913 1261 2012; baseline -0.003 -22"><span class='ocrx_word' id='word_1_96' title='bbox 210 1917 363 1990; x_wconf 86' lang='lat' dir='ltr'>tandum</span> <span class='ocrx_word' id='word_1_97' title='bbox 379 1917 479 1990; x_wconf 91' lang='lat' dir='ltr'>brevi</span> <span class='ocrx_word' id='word_1_98' title='bbox 496 1914 669 2012; x_wconf 82' lang='lat' dir='ltr'>temporis</span> <span class='ocrx_word' id='word_1_99' title='bbox 687 1921 875 1988; x_wconf 90' lang='lat' dir='ltr'>momento</span> <span class='ocrx_word' id='word_1_100' title='bbox 892 1922 929 1988; x_wconf 89' lang='lat' dir='ltr'>et</span> <span class='ocrx_word' id='word_1_101' title='bbox 953 1913 1164 2011; x_wconf 82' lang='lat' dir='ltr'>pernicitate</span> <span class='ocrx_word' id='word_1_102' title='bbox 1182 1939 1261 2011; x_wconf 89' lang='lat' dir='ltr'>quoe</span> 
     </span>
     <span class='ocr_line' id='line_1_16' title="bbox 210 2027 1261 2134; baseline -0.004 -28"><span class='ocrx_word' id='word_1_103' title='bbox 210 2035 348 2106; x_wconf 86' lang='lat' dir='ltr'>alatum</span> <span class='ocrx_word' id='word_1_104' title='bbox 365 2035 486 2134; x_wconf 87' lang='lat' dir='ltr'>fulgur</span> <span class='ocrx_word' id='word_1_105' title='bbox 502 2039 696 2128; x_wconf 86' lang='lat' dir='ltr'>exsuperet</span> <span class='ocrx_word' id='word_1_106' title='bbox 714 2054 817 2106; x_wconf 91' lang='lat' dir='ltr'>mens</span> <span class='ocrx_word' id='word_1_107' title='bbox 835 2030 1092 2127; x_wconf 85' lang='lat' dir='ltr'>pertransierit.</span> <span class='ocrx_word' id='word_1_108' title='bbox 1130 2027 1261 2103; x_wconf 92' lang='lat' dir='ltr'>Noluit</span> 
     </span>
     <span class='ocr_line' id='line_1_17' title="bbox 211 2146 1260 2244; baseline -0.004 -22"><span class='ocrx_word' id='word_1_109' title='bbox 211 2160 332 2223; x_wconf 90' lang='lat' dir='ltr'>autem</span> <span class='ocrx_word' id='word_1_110' title='bbox 352 2149 534 2222; x_wconf 87' lang='lat' dir='ltr'>Homerus</span> <span class='ocrx_word' id='word_1_111' title='bbox 560 2172 634 2220; x_wconf 93' lang='lat' dir='ltr'>non</span> <span class='ocrx_word' id='word_1_112' title='bbox 653 2147 790 2244; x_wconf 88' lang='lat' dir='ltr'>aperire</span> <span class='ocrx_word' id='word_1_113' title='bbox 816 2154 960 2220; x_wconf 92' lang='lat' dir='ltr'>motum</span> <span class='ocrx_word' id='word_1_114' title='bbox 982 2146 1092 2221; x_wconf 93' lang='lat' dir='ltr'>animi</span> <span class='ocrx_word' id='word_1_115' title='bbox 1119 2155 1156 2220; x_wconf 89' lang='lat' dir='ltr'>et</span> <span class='ocrx_word' id='word_1_116' title='bbox 1181 2171 1260 2220; x_wconf 91' lang='lat' dir='ltr'>sen·</span> 
     </span>
     <span class='ocr_line' id='line_1_18' title="bbox 210 2263 1262 2362; baseline -0.002 -25"><span class='ocrx_word' id='word_1_117' title='bbox 210 2266 360 2339; x_wconf 89' lang='lat' dir='ltr'>tentiam</span> <span class='ocrx_word' id='word_1_118' title='bbox 384 2289 455 2362; x_wconf 89' lang='lat' dir='ltr'>qua</span> <span class='ocrx_word' id='word_1_119' title='bbox 479 2263 545 2337; x_wconf 92' lang='lat' dir='ltr'>sibi</span> <span class='ocrx_word' id='word_1_120' title='bbox 569 2271 607 2336; x_wconf 93' lang='lat' dir='ltr'>et</span> <span class='ocrx_word' id='word_1_121' title='bbox 630 2263 710 2336; x_wconf 93' lang='lat' dir='ltr'>aliis</span> <span class='ocrx_word' id='word_1_122' title='bbox 737 2263 895 2336; x_wconf 85' lang='lat' dir='ltr'>actiones</span> <span class='ocrx_word' id='word_1_123' title='bbox 922 2287 1007 2337; x_wconf 89' lang='lat' dir='ltr'>snas</span> <span class='ocrx_word' id='word_1_124' title='bbox 1031 2264 1262 2337; x_wconf 89' lang='lat' dir='ltr'>commendat</span> 
     </span>
     <span class='ocr_line' id='line_1_19' title="bbox 210 2379 1261 2476; baseline -0.004 -22"><span class='ocrx_word' id='word_1_125' title='bbox 210 2392 247 2455; x_wconf 91' lang='lat' dir='ltr'>et</span> <span class='ocrx_word' id='word_1_126' title='bbox 271 2388 406 2455; x_wconf 91' lang='lat' dir='ltr'>tuetur.</span> <span class='ocrx_word' id='word_1_127' title='bbox 459 2379 570 2454; x_wconf 90' lang='lat' dir='ltr'>Hunc</span> <span class='ocrx_word' id='word_1_128' title='bbox 596 2379 718 2476; x_wconf 85' lang='lat' dir='ltr'>itaque</span> <span class='ocrx_word' id='word_1_129' title='bbox 744 2381 1025 2476; x_wconf 87' lang='lat' dir='ltr'>extemporalem</span> <span class='ocrx_word' id='word_1_130' title='bbox 1056 2379 1261 2452; x_wconf 89' lang='lat' dir='ltr'>discursum</span> 
     </span>
     <span class='ocr_line' id='line_1_20' title="bbox 210 2493 1261 2604; baseline -0.003 -24"><span class='ocrx_word' id='word_1_131' title='bbox 210 2504 328 2604; x_wconf 85' lang='grc' dir='ltr'>λόγον</span> <span class='ocrx_word' id='word_1_132' title='bbox 362 2501 406 2580; x_wconf 85' lang='grc' dir='ltr'>ὅν</span> <span class='ocrx_word' id='word_1_133' title='bbox 439 2496 530 2600; x_wconf 80' lang='grc' dir='ltr'>αὑτὴ</span> <span class='ocrx_word' id='word_1_134' title='bbox 563 2496 657 2603; x_wconf 73' lang='grc' dir='ltr'>πρὸς</span> <span class='ocrx_word' id='word_1_135' title='bbox 691 2493 807 2596; x_wconf 79' lang='grc' dir='ltr'>αὐτὴν</span> <span class='ocrx_word' id='word_1_136' title='bbox 842 2498 865 2596; x_wconf 85' lang='grc' dir='ltr'><strong><em>ἡ</em></strong></span> <span class='ocrx_word' id='word_1_137' title='bbox 894 2494 1000 2602; x_wconf 78' lang='grc' dir='ltr'>ψυχὴ</span> <span class='ocrx_word' id='word_1_138' title='bbox 1032 2495 1261 2602; x_wconf 75' lang='grc' dir='ltr'>διεξέρχεται</span> 
     </span>
     <span class='ocr_line' id='line_1_21' title="bbox 210 2619 1260 2732; baseline -0.005 -20"><span class='ocrx_word' id='word_1_139' title='bbox 210 2631 294 2732; x_wconf 66' lang='grc' dir='ltr'>περὶ</span> <span class='ocrx_word' id='word_1_140' title='bbox 323 2619 376 2707; x_wconf 83' lang='grc' dir='ltr'>ὦν</span> <span class='ocrx_word' id='word_1_141' title='bbox 405 2626 451 2708; x_wconf 80' lang='grc' dir='ltr'>ἄν</span> <span class='ocrx_word' id='word_1_142' title='bbox 484 2625 648 2732; x_wconf 78' lang='grc' dir='ltr'>σκοπῇ“,</span> <span class='ocrx_word' id='word_1_143' title='bbox 680 2658 928 2731; x_wconf 81' lang='lat' dir='ltr'>saepenumero</span> <span class='ocrx_word' id='word_1_144' title='bbox 962 2634 1120 2729; x_wconf 81' lang='lat' dir='ltr'>attingit,</span> <span class='ocrx_word' id='word_1_145' title='bbox 1153 2634 1260 2707; x_wconf 85' lang='lat' dir='ltr'>tacite</span> 
     </span>
     <span class='ocr_line' id='line_1_22' title="bbox 210 2750 1244 2845; baseline -0.004 -20"><span class='ocrx_word' id='word_1_146' title='bbox 210 2753 319 2826; x_wconf 89' lang='lat' dir='ltr'>etiam</span> <span class='ocrx_word' id='word_1_147' title='bbox 338 2758 462 2826; x_wconf 91' lang='lat' dir='ltr'>monet</span> <span class='ocrx_word' id='word_1_148' title='bbox 478 2752 649 2826; x_wconf 91' lang='lat' dir='ltr'>lectorem</span> <span class='ocrx_word' id='word_1_149' title='bbox 668 2773 706 2823; x_wconf 86' lang='lat' dir='ltr'>se</span> <span class='ocrx_word' id='word_1_150' title='bbox 725 2750 815 2822; x_wconf 91' lang='lat' dir='ltr'>illud</span> <span class='ocrx_word' id='word_1_151' title='bbox 834 2773 939 2845; x_wconf 85' lang='lat' dir='ltr'>agere</span> <span class='ocrx_word' id='word_1_152' title='bbox 957 2750 997 2822; x_wconf 94' lang='lat' dir='ltr'>in</span> <span class='ocrx_word' id='word_1_153' title='bbox 1014 2750 1170 2822; x_wconf 88' lang='lat' dir='ltr'>formula</span> <span class='ocrx_word' id='word_1_154' title='bbox 1183 2782 1244 2822; x_wconf 88' lang='lat'>:—</span> 
     </span>
    </p>
   </div>
   <div class='ocr_carea' id='block_1_4' title="bbox 372 2917 1030 2999">
    <p class='ocr_par' dir='ltr' id='par_1_4' title="bbox 372 2917 1030 2999">
     <span class='ocr_line' id='line_1_23' title="bbox 372 2917 1030 2999; baseline -0.011 -14"><span class='ocrx_word' id='word_1_155' title='bbox 372 2927 459 2986; x_wconf 73' lang='lat' dir='ltr'>&#39;Allo</span> <span class='ocrx_word' id='word_1_156' title='bbox 470 2929 512 2999; x_wconf 75' lang='lat' dir='ltr'>rip</span> <span class='ocrx_word' id='word_1_157' title='bbox 525 2951 569 2998; x_wconf 83' lang='grc' dir='ltr'>μοι</span> <span class='ocrx_word' id='word_1_158' title='bbox 582 2931 661 2983; x_wconf 80' lang='grc' dir='ltr'>τοῦτο</span> <span class='ocrx_word' id='word_1_159' title='bbox 674 2927 760 2998; x_wconf 72' lang='grc' dir='ltr'>φίλος</span> <span class='ocrx_word' id='word_1_160' title='bbox 773 2925 907 2994; x_wconf 75' lang='grc' dir='ltr'>διελέξατο</span> <span class='ocrx_word' id='word_1_161' title='bbox 921 2925 1001 2996; x_wconf 76' lang='grc' dir='ltr'>θυμός</span> <span class='ocrx_word' id='word_1_162' title='bbox 1007 2917 1030 2978; x_wconf 60' lang='lat' dir='ltr'>b.</span> 
     </span>
    </p>
   </div>
   <div class='ocr_carea' id='block_1_5' title="bbox 208 3074 1259 3293">
    <p class='ocr_par' dir='ltr' id='par_1_5' title="bbox 208 3074 1259 3293">
     <span class='ocr_line' id='line_1_24' title="bbox 208 3074 1259 3172; baseline -0.007 -19"><span class='ocrx_word' id='word_1_163' title='bbox 208 3080 258 3153; x_wconf 85' lang='lat' dir='ltr'>Et</span> <span class='ocrx_word' id='word_1_164' title='bbox 291 3080 396 3153; x_wconf 90' lang='lat' dir='ltr'>illum</span> <span class='ocrx_word' id='word_1_165' title='bbox 425 3079 534 3154; x_wconf 88' lang='lat' dir='ltr'>etiam</span> <span class='ocrx_word' id='word_1_166' title='bbox 567 3076 731 3172; x_wconf 85' lang='lat' dir='ltr'>designat</span> <span class='ocrx_word' id='word_1_167' title='bbox 765 3077 827 3172; x_wconf 91' lang='lat' dir='ltr'>qui</span> <span class='ocrx_word' id='word_1_168' title='bbox 860 3076 899 3148; x_wconf 95' lang='lat' dir='ltr'>in</span> <span class='ocrx_word' id='word_1_169' title='bbox 928 3074 1117 3148; x_wconf 86' lang='lat' dir='ltr'>affectibus</span> <span class='ocrx_word' id='word_1_170' title='bbox 1151 3075 1259 3147; x_wconf 90' lang='lat' dir='ltr'>inter-</span> 
     </span>
     <span class='ocr_line' id='line_1_25' title="bbox 209 3195 436 3293; baseline -0.004 -24"><span class='ocrx_word' id='word_1_171' title='bbox 209 3195 360 3293; x_wconf 91' lang='lat' dir='ltr'>ponitur</span> <span class='ocrx_word' id='word_1_172' title='bbox 374 3228 436 3269; x_wconf 89' lang='lat'>:-</span> 
     </span>
    </p>
   </div>
   <div class='ocr_carea' id='block_1_6' title="bbox 369 3351 1090 3436">
    <p class='ocr_par' dir='ltr' id='par_1_6' title="bbox 369 3351 1090 3436">
     <span class='ocr_line' id='line_1_26' title="bbox 369 3351 1090 3436; baseline -0.014 -16"><span class='ocrx_word' id='word_1_173' title='bbox 369 3351 502 3436; x_wconf 71' lang='lat' dir='ltr'>&#39;Oxdr&#39;pcus</span> <span class='ocrx_word' id='word_1_174' title='bbox 515 3363 538 3419; x_wconf 80' lang='grc' dir='ltr'>δ’</span> <span class='ocrx_word' id='word_1_175' title='bbox 552 3363 602 3435; x_wconf 75' lang='grc' dir='ltr'>ἄρα</span> <span class='ocrx_word' id='word_1_176' title='bbox 614 3358 670 3418; x_wconf 73' lang='grc' dir='ltr'>εἶπε</span> <span class='ocrx_word' id='word_1_177' title='bbox 683 3363 749 3433; x_wconf 76' lang='grc' dir='ltr'><strong><em>πρὸς</em></strong></span> <span class='ocrx_word' id='word_1_178' title='bbox 762 3359 791 3414; x_wconf 77' lang='grc' dir='ltr'>ὃν</span> <span class='ocrx_word' id='word_1_179' title='bbox 804 3355 969 3432; x_wconf 70' lang='grc' dir='ltr'>μεγαλήτορα</span> <span class='ocrx_word' id='word_1_180' title='bbox 983 3357 1090 3426; x_wconf 58' lang='grc' dir='ltr'><strong><em>θυμὸνῆ</em></strong></span> 
     </span>
    </p>
   </div>
   <div class='ocr_carea' id='block_1_7' title="bbox 179 3506 1261 3962">
    <p class='ocr_par' dir='ltr' id='par_1_7' title="bbox 179 3506 1261 3962">
     <span class='ocr_line' id='line_1_27' title="bbox 211 3506 1260 3600; baseline -0.012 -11"><span class='ocrx_word' id='word_1_181' title='bbox 211 3515 445 3590; x_wconf 85' lang='lat' dir='ltr'>Commotum</span> <span class='ocrx_word' id='word_1_182' title='bbox 471 3520 508 3587; x_wconf 91' lang='lat' dir='ltr'>et</span> <span class='ocrx_word' id='word_1_183' title='bbox 538 3515 674 3586; x_wconf 91' lang='lat' dir='ltr'>elatum</span> <span class='ocrx_word' id='word_1_184' title='bbox 702 3510 864 3583; x_wconf 91' lang='lat' dir='ltr'>animum</span> <span class='ocrx_word' id='word_1_185' title='bbox 893 3506 970 3578; x_wconf 85' lang='lat' dir='ltr'>haec</span> <span class='ocrx_word' id='word_1_186' title='bbox 998 3509 1163 3600; x_wconf 87' lang='lat' dir='ltr'>spectant</span> <span class='ocrx_word' id='word_1_187' title='bbox 1193 3526 1260 3576; x_wconf 90' lang='lat' dir='ltr'>nec</span> 
     </span>
     <span class='ocr_line' id='line_1_28' title="bbox 210 3617 1261 3725; baseline -0.015 -19"><span class='ocrx_word' id='word_1_188' title='bbox 210 3638 336 3706; x_wconf 86' lang='lat' dir='ltr'>tamen</span> <span class='ocrx_word' id='word_1_189' title='bbox 360 3628 509 3704; x_wconf 88' lang='lat' dir='ltr'>rationis</span> <span class='ocrx_word' id='word_1_190' title='bbox 534 3635 741 3725; x_wconf 87' lang='lat' dir='ltr'>expertem:</span> <span class='ocrx_word' id='word_1_191' title='bbox 780 3630 889 3720; x_wconf 88' lang='lat' dir='ltr'>atque</span> <span class='ocrx_word' id='word_1_192' title='bbox 915 3620 1024 3694; x_wconf 89' lang='lat' dir='ltr'>etiarn</span> <span class='ocrx_word' id='word_1_193' title='bbox 1049 3617 1197 3691; x_wconf 89' lang='lat' dir='ltr'>rationis</span> <span class='ocrx_word' id='word_1_194' title='bbox 1223 3625 1261 3690; x_wconf 88' lang='lat' dir='ltr'>et</span> 
     </span>
     <span class='ocr_line' id='line_1_29' title="bbox 179 3735 1260 3840; baseline -0.016 -18"><span class='ocrx_word' id='word_1_195' title='bbox 179 3823 185 3834; x_wconf 72' lang='grc'><em>,</em></span> <span class='ocrx_word' id='word_1_196' title='bbox 212 3749 408 3822; x_wconf 86' lang='lat' dir='ltr'>affectuum</span> <span class='ocrx_word' id='word_1_197' title='bbox 429 3747 467 3818; x_wconf 92' lang='lat' dir='ltr'>in</span> <span class='ocrx_word' id='word_1_198' title='bbox 485 3744 614 3819; x_wconf 92' lang='lat' dir='ltr'>intimo</span> <span class='ocrx_word' id='word_1_199' title='bbox 632 3751 778 3840; x_wconf 86' lang='lat' dir='ltr'>pectore</span> <span class='ocrx_word' id='word_1_200' title='bbox 804 3760 1037 3834; x_wconf 86' lang='lat' dir='ltr'>congressum</span> <span class='ocrx_word' id='word_1_201' title='bbox 1055 3735 1201 3829; x_wconf 88' lang='lat' dir='ltr'>attingit</span> <span class='ocrx_word' id='word_1_202' title='bbox 1218 3744 1260 3806; x_wconf 92' lang='lat' dir='ltr'>ut</span> 
     </span>
     <span class='ocr_line' id='line_1_30' title="bbox 201 3852 1260 3962; baseline -0.018 -23"><span class='ocrx_word' id='word_1_203' title='bbox 201 3859 248 3939; x_wconf 84' lang='lat' dir='ltr'>¹in</span> <span class='ocrx_word' id='word_1_204' title='bbox 264 3866 335 3940; x_wconf 92' lang='lat' dir='ltr'>illis</span> <span class='ocrx_word' id='word_1_205' title='bbox 353 3864 484 3962; x_wconf 89' lang='lat' dir='ltr'>quibus</span> <span class='ocrx_word' id='word_1_206' title='bbox 505 3863 665 3960; x_wconf 90' lang='lat' dir='ltr'>seipsum</span> <span class='ocrx_word' id='word_1_207' title='bbox 686 3859 849 3954; x_wconf 88' lang='lat' dir='ltr'>increpat</span> <span class='ocrx_word' id='word_1_208' title='bbox 865 3853 1013 3950; x_wconf 89' lang='lat' dir='ltr'>Ulysses</span> <span class='ocrx_word' id='word_1_209' title='bbox 1037 3863 1074 3923; x_wconf 89' lang='lat' dir='ltr'>et</span> <span class='ocrx_word' id='word_1_210' title='bbox 1097 3852 1260 3922; x_wconf 84' lang='lat' dir='ltr'>laboran-</span> 
     </span>
    </p>
   </div>
   <div class='ocr_carea' id='block_1_8' title="bbox 209 3982 741 4058">
    <p class='ocr_par' dir='ltr' id='par_1_8' title="bbox 209 3982 741 4058">
     <span class='ocr_line' id='line_1_31' title="bbox 209 3982 741 4058; baseline -0.015 0"><span class='ocrx_word' id='word_1_211' title='bbox 209 3993 285 4058; x_wconf 83' lang='lat' dir='ltr'>tem</span> <span class='ocrx_word' id='word_1_212' title='bbox 303 3984 466 4058; x_wconf 89' lang='lat' dir='ltr'>animum</span> <span class='ocrx_word' id='word_1_213' title='bbox 484 3982 665 4056; x_wconf 88' lang='lat' dir='ltr'>demulcet</span> <span class='ocrx_word' id='word_1_214' title='bbox 679 4010 741 4051; x_wconf 91' lang='lat'>:—</span> 
     </span>
    </p>
   </div>
   <div class='ocr_carea' id='block_1_9' title="bbox 211 4156 1255 4441">
    <p class='ocr_par' dir='ltr' id='par_1_9' title="bbox 211 4156 1255 4441">
     <span class='ocr_line' id='line_1_32' title="bbox 250 4156 1255 4274; baseline -0.021 -11"><span class='ocrx_word' id='word_1_215' title='bbox 250 4156 366 4261; x_wconf 47' lang='lat' dir='ltr'>&amp;Pus</span> <span class='ocrx_word' id='word_1_216' title='bbox 380 4201 413 4260; x_wconf 81' lang='lat' dir='ltr'>iu</span> <span class='ocrx_word' id='word_1_217' title='bbox 432 4199 582 4268; x_wconf 69' lang='lat' dir='ltr'>Treoua,</span> <span class='ocrx_word' id='word_1_218' title='bbox 599 4219 627 4274; x_wconf 90' lang='lat' dir='ltr'>p.</span> <span class='ocrx_word' id='word_1_219' title='bbox 648 4198 713 4272; x_wconf 82' lang='lat'>138.</span> <span class='ocrx_word' id='word_1_220' title='bbox 794 4188 872 4250; x_wconf 73' lang='grc' dir='ltr'>1Ἰῑ.</span> <span class='ocrx_word' id='word_1_221' title='bbox 890 4203 918 4250; x_wconf 78' lang='grc' dir='ltr'>Α.</span> <span class='ocrx_word' id='word_1_222' title='bbox 934 4201 1010 4264; x_wconf 82' lang='lat'><em>4073</em></span> <span class='ocrx_word' id='word_1_223' title='bbox 1034 4201 1129 4264; x_wconf 58' lang='lat'>2975</span> <span class='ocrx_word' id='word_1_224' title='bbox 1152 4200 1255 4246; x_wconf 86' lang='lat' dir='ltr'>x.rzz</span> 
     </span>
     <span class='ocr_line' id='line_1_33' title="bbox 211 4271 1009 4357; baseline -0.021 -14"><span class='ocrx_word' id='word_1_225' title='bbox 211 4283 300 4343; x_wconf 81' lang='lat' dir='ltr'>Edit.</span> <span class='ocrx_word' id='word_1_226' title='bbox 329 4281 440 4340; x_wconf 64' lang='lat' dir='ltr'>Idaios.</span> <span class='ocrx_word' id='word_1_227' title='bbox 483 4277 553 4340; x_wconf 83' lang='lat' dir='ltr'>Vid.</span> <span class='ocrx_word' id='word_1_228' title='bbox 582 4277 713 4357; x_wconf 89' lang='lat' dir='ltr'>ejusdem</span> <span class='ocrx_word' id='word_1_229' title='bbox 755 4274 872 4346; x_wconf 81' lang='lat'>—385;</span> <span class='ocrx_word' id='word_1_230' title='bbox 896 4283 926 4328; x_wconf 78' lang='grc' dir='ltr'>ο.</span> <span class='ocrx_word' id='word_1_231' title='bbox 943 4271 1009 4346; x_wconf 85' lang='lat'>562.</span> 
     </span>
     <span class='ocr_line' id='line_1_34' title="bbox 214 4347 1117 4441; baseline -0.021 -19"><span class='ocrx_word' id='word_1_232' title='bbox 214 4361 354 4441; x_wconf 76' lang='lat' dir='ltr'>Sophist,</span> <span class='ocrx_word' id='word_1_233' title='bbox 368 4378 397 4439; x_wconf 92' lang='lat' dir='ltr'>p.</span> <span class='ocrx_word' id='word_1_234' title='bbox 416 4359 481 4432; x_wconf 87' lang='lat'><em>184.</em></span> <span class='ocrx_word' id='word_1_235' title='bbox 795 4366 805 4390; x_wconf 50' lang='grc' dir='ltr'>ε</span> <span class='ocrx_word' id='word_1_236' title='bbox 827 4347 904 4411; x_wconf 89' lang='lat' dir='ltr'>lbid.</span> <span class='ocrx_word' id='word_1_237' title='bbox 921 4361 948 4406; x_wconf 71' lang='lat' dir='ltr'>a.</span> <span class='ocrx_word' id='word_1_238' title='bbox 967 4366 1000 4425; x_wconf 82' lang='lat'>53</span> <span class='ocrx_word' id='word_1_239' title='bbox 1023 4360 1054 4405; x_wconf 75' lang='lat' dir='ltr'>d.</span> <span class='ocrx_word' id='word_1_240' title='bbox 1072 4364 1117 4424; x_wconf 82' lang='lat'>53.</span> 
     </span>
    </p>
   </div>
   <div class='ocr_carea' id='block_1_10' title="bbox 0 0 1539 4902">
    <p class='ocr_par' dir='ltr' id='par_1_10' title="bbox 0 0 1539 4902">
     <span class='ocr_line' id='line_1_35' title="bbox 0 0 1539 4902; baseline 0 0"><span class='ocrx_word' id='word_1_241' title='bbox 0 0 1539 4902; x_wconf 95' lang='lat' dir='ltr'> </span> 
     </span>
    </p>
   </div>
  </div>
 </body>
</html>
