3096 4886
284 261 327 322 62
618 283 831 332 namuurum
853 285 1004 346 otmunt.

284 430 362 507 Nec
384 458 471 506 vero
492 445 613 530 patres
634 441 780 508 tantum
802 443 839 508 et
861 435 1121 531 consanguinei
1144 435 1282 512 honore
1304 445 1344 512 et

282 551 484 624 reverentia
516 549 802 648 excipiebantur,
838 554 901 625 sed
935 552 960 624 ii
993 554 1104 627 etiam
1138 555 1270 651 quibus
1296 581 1343 630 ex

283 673 390 740 aetate
412 669 629 763 provectiori
654 693 775 742 rerum
799 669 1041 742 humanarum
1065 671 1259 766 prudentia
1281 697 1341 746 ac-

283 794 455 861 creverat.
493 788 558 860 Ille
572 788 855 884 Agamemnonis
866 788 994 875 fastus,
1009 787 1070 862 ille
1084 789 1269 863 Diomedis
1281 791 1342 886 ju·

283 905 411 977 venilia
437 905 555 992 ardor,
576 905 743 978 Nestoris
760 905 918 978 consiliis
937 931 1010 979 non
1034 915 1182 1002 gravate
1200 932 1341 980 morem

284 1024 386 1120 gerit.
441 1022 517 1096 Sua
538 1047 683 1120 quoque
704 1023 800 1096 inter
822 1023 949 1096 fratres
973 1023 1103 1120 majori
1127 1030 1218 1097 natu
1241 1049 1341 1099 reve-

284 1141 402 1213 rentia
428 1141 590 1214 dabatur.
644 1140 764 1214 Etiam
791 1141 854 1214 illa
881 1167 962 1239 quae
988 1143 1105 1215 nostri
1123 1141 1218 1238 juris
1239 1151 1339 1231 sunt,

281 1282 349 1331 nee
377 1257 447 1331 nisi
480 1259 517 1330 in
545 1257 808 1332 communitate
840 1259 927 1331 vitae
960 1259 1140 1346 oriuntur,
1171 1260 1340 1334 amicitie

281 1376 426 1450 vincula
453 1400 562 1449 suum
588 1377 711 1450 locum
746 1375 890 1450 habent.
944 1375 1114 1449 Diomedi
1144 1376 1339 1452 Sthenelus

282 1507 390 1580 datur
422 1494 680 1600 παραστάτης,
712 1505 847 1578 Achilli
884 1505 1098 1591 Patroclum
1129 1532 1220 1605 quos
1254 1533 1339 1581 cum

282 1623 442 1715 nomino,
480 1623 586 1718 plura
620 1622 664 1694 de
697 1622 767 1694 hac
801 1647 839 1695 re
874 1623 992 1696 dicere
1029 1647 1339 1720 supervacaneum

281 1740 386 1813 foret.
439 1738 535 1811 Illud
569 1749 692 1812 autem
727 1765 800 1836 quo
831 1739 1031 1837 periculum
1066 1766 1175 1814 suum
1209 1753 1246 1814 et
1279 1767 1339 1815 so·

281 1855 355 1930 cios
396 1857 547 1929 amissos
587 1865 765 1930 memorat
800 1857 951 1954 Ulysses
989 1859 1140 1932 affectus
1174 1859 1337 1957 plenissi-

281 1998 385 2047 mum
402 1971 481 2048 estd
494 2005 556 2046 :-

444 2131 572 2198 Ἀαμυαι
586 2127 613 2182 ἐκ
628 2125 757 2192 θανάτοιο,
771 2128 868 2197 φίλους
883 2123 1024 2186 ὀλέσαντες
1036 2131 1162 2202 ἑταίρους.

281 2257 357 2328 Aut
373 2255 432 2328 cui
450 2262 611 2328 vestrum
629 2280 702 2327 non
720 2255 848 2328 intima
866 2256 1065 2353 praecordia
1084 2255 1229 2354 stringit
1245 2257 1335 2331 illud

279 2387 389 2458 toties
413 2395 631 2482 usurpatum
659 2377 857 2478 ὁμηλικίην
882 2373 1082 2480 ἐρατεινὴν.
1135 2387 1238 2462 Adeo
1261 2413 1336 2462 non

278 2504 317 2578 in
340 2505 411 2578 illis
433 2513 576 2578 tantum
600 2505 801 2594 affectibus,
822 2505 884 2603 qui
908 2507 1044 2580 bellum
1065 2515 1103 2582 et
1127 2509 1335 2586 iuimicitias

277 2621 423 2722 pariunt
456 2630 702 2697 commoratur
733 2622 857 2712 Poeta,
888 2625 952 2697 sed
979 2625 1115 2699 inillis
1143 2627 1265 2726 potius
1298 2639 1335 2704 et

276 2739 446 2817 libentius
472 2753 650 2832 versatur,
678 2767 770 2842 quos
796 2767 923 2816 omnes
950 2741 989 2815 iu
1020 2743 1155 2819 deliciis
1182 2746 1332 2836 habent,

277 2862 340 2960 qui
356 2861 477 2936 animo
496 2870 582 2935 sunt
598 2860 804 2934 humaniori
820 2868 859 2934 et
876 2860 1096 2957 elegantiori.

329 2975 402 3050 Sed
431 2983 475 3049 ut
502 2977 547 3050 ad
575 2977 645 3050 aha
670 2983 911 3063 transeamus,
943 3001 988 3049 ex
1018 2979 1120 3051 nulla
1149 3001 1187 3050 re
1211 2976 1333 3053 verius

278 3091 557 3168 Homericorum
573 3099 779 3189 temporum
797 3094 957 3168 indolem
969 3100 1007 3168 et
1024 3093 1209 3191 ingenium
1226 3118 1333 3170 eruas

276 3234 387 3307 quam
404 3235 448 3283 ex
466 3235 509 3283 ea
534 3233 615 3308 quae
640 3216 722 3282 tum
745 3209 904 3285 obtinuit
926 3211 1125 3308 religione3
1154 3235 1229 3284 nou
1250 3210 1332 3286 illas

275 3325 356 3401 dico
381 3327 506 3400 inanes
531 3327 762 3413 ceremonias,
791 3351 907 3426 neque
933 3353 1019 3402 vero
1044 3328 1220 3426 prodigia,
1248 3352 1332 3426 por·

273 3451 377 3518 tenta
401 3450 438 3517 et
463 3443 624 3541 auguria,
643 3450 681 3517 et
707 3452 835 3518 caetera
860 3444 964 3518 istius
989 3445 1157 3541 generis;
1184 3444 1229 3518 de
1250 3446 1331 3542 qui-

272 3557 342 3632 bus
364 3568 485 3632 tamen
514 3558 603 3631 illud
627 3557 990 3632 animadvertendum
1012 3565 1080 3646 est,
1107 3557 1233 3631 eadem
1256 3557 1331 3632 sere

271 3675 395 3766 fuisse,
426 3701 506 3774 quae
537 3676 634 3772 apud
663 3677 879 3749 recentiores
907 3674 1052 3750 Graecos
1082 3676 1162 3771 lege
1192 3674 1331 3750 sancita

271 3801 358 3868 sunt
369 3827 379 3882 ;
424 3796 514 3869 adeo
547 3803 592 3867 ut
624 3818 669 3868 ex
704 3793 867 3866 Homero
900 3793 973 3866 sere
1011 3798 1112 3867 totus
1146 3791 1330 3889 religionis

272 3908 404 3984 Graecae
429 3917 625 4010 apparatus
652 3911 755 3985 facile
781 3909 1016 4008 explicandus
1042 3909 1100 3984 sit.
1153 3908 1224 3984 Sed
1250 3910 1330 3984 haec

268 4027 368 4121 apud
393 4027 563 4100 barbaros
590 4049 771 4123 nusquam
797 4049 871 4098 non
896 4023 1145 4098 inveniuntur.
1198 4025 1330 4098 Affinis

270 4137 368 4213 enim
385 4138 523 4214 serociae
541 4139 774 4236 superstiti03
800 4162 917 4236 neque
935 4138 1033 4236 apud
1055 4137 1151 4213 ullos
1171 4143 1249 4211 tam
1266 4161 1329 4212 su-

626 4301 641 4340 d
662 4301 716 4361 Od.
733 4315 755 4361 1.
770 4312 829 4378 5⁶⁶,
843 4305 874 4362 el
887 4301 968 4366 tlibi.
