3058 4908
326 315 389 377 198
636 324 851 374 remaneam
877 325 1074 374 ornamur.

323 477 530 572 regionibus
547 478 728 574 praecipue
748 478 1016 552 consederuntl
1032 476 1180 574 utrique
1204 479 1380 574 originem

323 593 463 667 dedisse
492 594 712 667 viderentur.
775 594 844 667 Illa
870 602 997 668 tamen
1030 595 1167 670 iterum
1182 608 1382 696 ,repugnat

323 736 468 785 summa
492 713 588 784 inter
606 710 772 784 Graecam
790 711 951 806 linguam
968 718 1007 786 et
1024 710 1229 824 Orientales
1247 715 1378 788 discre-

321 830 459 927 pantia.
515 827 617 912 Quin
647 836 684 902 et
715 836 845 903 oaetera
874 830 1006 923 linguae
1032 833 1220 918 vocabula,
1247 839 1286 906 et
1318 833 1381 908 illa

323 948 431 1020 etiam
453 969 533 1041 quae
559 947 669 1020 Artes
696 954 734 1020 et
759 947 907 1020 Artium
934 949 1157 1023 incrementa
1176 950 1378 1046 designant,

323 1063 401 1160 pari
424 1065 507 1160 jure
535 1063 581 1137 ad
608 1088 744 1162 paucas
768 1064 908 1138 radices
935 1072 1044 1162 atque
1074 1067 1154 1140 illas
1180 1091 1225 1140 ex
1255 1067 1381 1164 primis

323 1183 408 1256 vitae
440 1184 587 1256 incultae
620 1183 751 1256 studiis
782 1183 993 1279 desumptas
1022 1186 1184 1258 revocari
1212 1193 1380 1281 possunt,

323 1313 432 1399 atque
459 1302 550 1373 adeo
578 1298 714 1373 Graeois
743 1299 867 1373 nativa
891 1324 970 1374 esse
997 1301 1140 1374 debent.
1193 1302 1322 1400 Itaque
1350 1303 1382 1378 si

325 1417 487 1491 Coloniis
520 1417 599 1490 istis
626 1418 805 1491 debentur
830 1418 948 1513 prima
981 1418 1116 1514 linguae
1146 1420 1379 1510 incrementa,

324 1559 397 1607 non
429 1547 504 1607 tam
538 1533 629 1607 illud
657 1535 931 1631 peregrinorum
961 1537 1224 1610 vocabulorum
1256 1537 1380 1612 invec-

325 1650 422 1724 tione
439 1652 640 1726 effecerunt
656 1676 767 1748 quam
783 1659 944 1726 veterem
967 1654 1157 1726 materiam
1173 1654 1381 1728 recudendo

323 1772 361 1840 et
377 1768 414 1840 in
432 1792 547 1842 novos
564 1793 653 1843 usus
674 1769 944 1844 conformando.
999 1771 1123 1865 Atque
1140 1772 1211 1844 hoo
1228 1771 1381 1846 sortasse

323 1908 433 1958 sensu
451 1885 669 1959 a'Phessalia
684 1910 749 1982 per
766 1893 933 1959 caeteram
952 1885 1127 1961 Graeniam
1144 1887 1381 1962 disseminata

323 2013 379 2077 est
397 2003 474 2076 haec
492 2004 536 2075 de
553 2026 626 2100 qua
650 2001 832 2098 loquimur
847 2001 983 2099 lingua.
1037 2003 1111 2077 Sed
1129 2005 1173 2077 de
1196 2005 1253 2078 his
1279 2006 1378 2080 satis.

322 2119 485 2193 Homero
508 2120 632 2193 omnia
654 2119 730 2215 jam
754 2129 879 2216 parata
903 2128 1040 2194 erantl.
1095 2119 1258 2219 Simplex
1283 2133 1381 2198 uerte

321 2245 398 2310 erat
427 2237 584 2311 istorum
612 2243 823 2333 temporum
857 2261 987 2325 sermo,
1015 2263 1091 2312 non
1120 2245 1245 2312 tamen
1278 2241 1380 2314 rudis

321 2378 439 2451 neque
457 2354 636 2428 horridus,
689 2351 839 2427 Poetam
855 2353 976 2451 ipsum
1000 2379 1152 2430 suorum
1169 2365 1380 2452 temporum

321 2473 476 2544 dialecto
488 2478 704 2544 contentum
718 2471 829 2546 inisse
846 2472 970 2546 nullus
983 2472 1133 2546 dubito:
1153 2474 1319 2548 nondum
1335 2499 1380 2548 eo

320 2588 497 2685 processit
521 2613 592 2675 res,
614 2597 656 2662 ut
682 2588 835 2662 artificia
862 2588 1033 2685 loquendi
1059 2600 1288 2664 sectarentur
1312 2591 1381 2664 ho-

319 2707 446 2794 mines,
465 2717 507 2779 ut
524 2707 638 2780 Poeta
654 2705 742 2780 ferri
763 2707 881 2803 possit
902 2707 965 2804 qui
987 2708 1149 2805 patrium
1172 2732 1382 2782 sermonem

318 2834 581 2921 aspernaretur.
598 2823 760 2898 Homero
771 2825 887 2897 satius
897 2831 974 2898 erat
984 2825 1218 2921 popularium
1226 2848 1382 2900 suorum

317 2943 465 3015 auribus
491 2939 707 3029 adblandiri,
734 2966 845 3038 quam
871 2942 1001 3016 audaci
1030 2941 1177 3038 inoepto
1206 2942 1381 3016 usitatam

317 3060 489 3155 loquendi
506 3058 687 3133 rationem
703 3058 899 3132 immutare
912 3065 950 3132 et
962 3059 1008 3132 de
1021 3083 1118 3133 novo
1130 3059 1288 3154 tingere:
1312 3083 1382 3135 neo

316 3213 403 3262 vero
424 3190 502 3262 sine
523 3197 617 3264 teste
641 3190 719 3262 haec
737 3175 1086 3287 loquor-‘Opripor
1110 3181 1176 3258 οὐκ
1194 3179 1383 3286 ἀναλογίᾳ

315 3307 627 3414 προσεχρήσατο,
645 3308 748 3389 ἀλλὰ
767 3311 813 3414 τῇ
833 3313 908 3390 τῶν
927 3305 1022 3388 κατὰ
1040 3303 1155 3387 αὐτὸν
1174 3305 1383 3412 ἀνθρώπων

316 3441 496 3546 συνηθείᾳ
513 3425 880 3539 κατηκολούθησενῐ.
935 3445 1024 3520 Erat
1043 3456 1168 3519 autem
1186 3443 1381 3520 Dialectus

316 3565 443 3662 patriae
460 3573 498 3637 et
514 3570 724 3660 temporum
740 3564 831 3660 ejus
850 3588 896 3636 er
921 3562 1132 3659 conjectura
1149 3563 1221 3635 hoe
1236 3564 1381 3660 loquor,

316 3682 434 3756 Vetus
446 3681 730 3778 Ionica—quam
746 3706 829 3754 oum
836 3680 962 3754 Attica
973 3685 1094 3754 vetere
1104 3680 1254 3753 eandem
1265 3681 1382 3754 fuisse

356 3865 460 3926 rVid.
476 3865 697 3926 Praeleetiomm
714 3862 784 3924 σω.
867 3882 904 3923 er
935 3862 1069 3923 Homero
1107 3861 1269 3940 petendam
1300 3881 1380 3922 esse.

357 3958 371 3998 1
394 3947 561 4006 Pirodart'on
613 3946 827 4004 Grammaticus
867 3947 1071 4018 δεδοκιμασμένη
1096 3946 1124 4000 δι’
1151 3948 1193 4001 καὶ
1219 3948 1380 4018 ἆρχσιογάη

319 4028 379 4106 (ap.
394 4027 474 4087 Sext.
488 4025 607 4104 Empir.
628 4025 693 4085 odo.
714 4024 825 4096 Mart,
867 4027 942 4082 ἐστὶν
969 4024 1022 4100 (so.
1056 4025 1180 4096 συνήθεια
1211 4022 1335 4097 λέξω),
1361 4027 1380 4096 ἦ

317 4105 338 4164 l.
355 4108 375 4166 i.
390 4124 416 4164 e.
432 4125 477 4166 10.
494 4105 510 4184 ξ
527 4125 594 4170 202.
603 4105 637 4182 3)
652 4104 827 4184 Analogiam
866 4107 982 4179 Ὁμήρου
994 4109 1108 4174 ποίησις.

318 4183 468 4244 Diotionis
488 4203 525 4242 ex
545 4183 763 4244 consuetudine
777 4202 825 4242 or·
905 4191 914 4216 ¹
934 4183 1011 4243 Soet.
1022 4182 1162 4258 Enpirie.
1175 4180 1252 4242 Ado.
1268 4181 1376 4242 θωσ-

320 4275 380 4322 tarn
410 4281 476 4322 ease
502 4264 578 4338 vult,
605 4265 694 4324 istam
725 4267 825 4324 autem
865 4261 1120 4332 mat.,l.i.c.1o.

318 4341 565 4401 oorrsuetudinem
597 4341 677 4420 apud
707 4342 825 4402 Grecos
