3058 4902
475 336 693 386 anrscrro
713 337 976 388 oncrum-roua.
1192 327 1258 393 317

198 475 362 572 inquam
388 485 527 572 partem
546 475 708 550 animum
726 483 932 574 correptum
955 489 1019 552 aut
1043 477 1257 554 inclinatum

198 593 330 666 lerunt.
384 591 479 664 Sunt
505 591 602 664 enim
627 593 779 666 affectus
804 593 866 667 isti
889 603 965 668 tam
990 605 1107 691 poetae
1132 597 1194 692 qui
1219 597 1257 669 in

199 707 445 804 exprimendis
471 707 542 780 illis
560 715 726 781 versatur
751 733 858 805 quam
885 711 1019 783 oratori
1044 712 1108 807 qui
1133 711 1171 784 in
1197 736 1256 785 ex-

200 835 367 923 citandis,
390 840 447 924 (ut
464 834 648 909 Plutarchi
666 835 784 909 verbis
801 841 911 924 ntae)
933 823 1034 910 τόνοι
1056 832 1116 910 καὶ
1136 827 1256 938 φθόγ-

201 989 264 1058 γοι
287 959 415 1062 ψυχῆς
430 951 519 1054 μάλ’
541 957 723 1054 ἐμμελοῦς
746 957 846 1062 ἁφῆς
873 959 934 1035 καὶ
961 953 1150 1060 κρούσεως
1175 955 1256 1037 δεό-

199 1115 303 1181 μενοι
315 1075 342 1165 ¹¹.
397 1089 478 1163 Nec
495 1115 581 1163 vero
599 1090 687 1162 mihi
704 1092 743 1163 iu
760 1092 880 1163 animo
904 1097 960 1165 est
981 1117 1107 1166 omnes
1125 1095 1257 1168 mentis

201 1208 352 1279 affectus
378 1214 443 1279 aut
468 1205 588 1280 omnia
613 1231 836 1303 quaecunque
861 1207 906 1279 ab
931 1205 1093 1280 Homero
1119 1203 1259 1304 prolata

200 1320 239 1394 in
264 1322 357 1396 hanc
385 1346 461 1395 rem
486 1323 618 1395 cadant
646 1346 865 1419 percurrere,
886 1323 949 1395 sed
972 1345 1088 1418 pauca
1114 1329 1258 1396 tantum

202 1462 284 1536 quea
308 1439 468 1535 exempli
494 1440 575 1512 loco
602 1439 794 1526 sufficiant,
813 1439 878 1512 sed
903 1440 1055 1512 affectus
1082 1441 1257 1536 quosdam

201 1556 455 1630 eminentiores
489 1564 528 1630 et
557 1556 620 1654 qui
654 1556 691 1629 in
722 1557 798 1628 vita
832 1556 994 1628 humana
1028 1555 1259 1630 dominantur

201 1674 339 1769 magis;
372 1673 469 1746 Iram
495 1673 587 1762 dico,
611 1672 807 1761 Timorem,
834 1671 1134 1760 Misericordiam,
1156 1673 1257 1745 Ami·

202 1788 335 1876 citiam,
354 1789 657 1885 Indignationem.

252 1905 320 1978 Irae
349 1906 452 1979 ferox
481 1912 519 1977 et
553 1905 722 1977 immanis
758 1905 910 1978 affectus
943 1903 982 1976 in
1011 1927 1084 1976 uno
1116 1901 1257 1976 Achille

201 2023 306 2120 plene
331 2025 451 2096 locum
478 2021 597 2096 habet.
651 2021 845 2119 Proprium
871 2027 929 2093 est
958 2044 1122 2116 personae
1149 2021 1256 2095 istius

201 2137 340 2212 facilem
371 2138 566 2213 iracundia
593 2138 734 2212 aditum
765 2139 862 2224 dare,
892 2146 929 2211 et
959 2138 1037 2234 jam
1071 2137 1116 2209 ab
1150 2136 1256 2209 initio

204 2256 336 2330 Iliados
376 2281 462 2330 eum
495 2257 727 2330 vehementer
763 2257 833 2328 hoc
867 2256 998 2329 affectu
1033 2260 1256 2327 commotum

203 2373 389 2448 habemus.
441 2372 499 2446 Ac
516 2371 693 2470 principio
711 2373 849 2446 indoles
867 2382 903 2445 et
922 2369 1083 2444 conditio
1102 2368 1258 2441 hominis

204 2491 291 2564 huic
313 2489 457 2564 affectui
483 2489 698 2563 concitando
728 2487 950 2561 occasionem
977 2486 1147 2583 praebent.
1199 2483 1258 2556 En

199 2607 372 2703 juvenem
398 2618 434 2682 et
459 2607 615 2704 ingentis
642 2606 791 2704 spiritus
810 2605 925 2677 virum
951 2602 1013 2700 qui
1038 2626 1082 2675 ex
1099 2600 1256 2695 Trojano

203 2723 298 2797 bello
320 2723 441 2818 gloriae
469 2725 605 2818 largam
636 2747 791 2805 messem
818 2744 857 2793 se
884 2724 1150 2815 reportaturum
1178 2740 1257 2790 esse

205 2840 375 2914 confidit:
398 2840 483 2912 hinc
502 2841 615 2911 multa
632 2849 720 2910 sunt
734 2863 815 2935 quae
831 2837 884 2909 illi
901 2836 959 2908 vel
977 2836 1046 2906 iter
1064 2835 1257 2907 obstruant

203 2958 262 3029 vel
288 2956 461 3030 obsistere
485 2965 521 3029 et
549 2955 669 3027 minus
693 2978 801 3051 quam
827 2977 892 3050 par
908 2961 964 3024 est
990 2948 1140 3046 obsequi
1156 2950 1256 3022 vide-

205 3077 337 3145 antur:
365 3071 466 3146 illata
487 3085 544 3144 est
563 3073 608 3144 ab
627 3070 901 3166 Agamemnone
927 3066 1060 3164 injuria
1081 3065 1258 3162 jamtum

125 3223 129 3238 ·
205 3212 291 3260 cum
308 3187 395 3260 satis
422 3212 486 3283 pro
512 3186 665 3281 imperio
683 3193 800 3258 vatem
822 3184 1021 3257 Calchanta
1045 3184 1162 3280 palam
1185 3184 1258 3254 elo·

207 3302 269 3400 qui
281 3303 386 3399 jubet
399 3314 436 3376 et
453 3302 555 3400 quasi
571 3302 609 3374 in
623 3301 828 3375 clientelam
842 3325 945 3374 suam
958 3300 1105 3395 recipit:
1135 3299 1257 3392 itaque

207 3417 330 3492 statim
349 3418 416 3492 sibi
435 3443 507 3491 non
526 3419 719 3491 auscultari
738 3441 833 3513 aegre
850 3416 919 3489 fert
930 3415 948 3488 ¹.
980 3415 1047 3487 Est
1063 3421 1186 3487 autem
1202 3413 1256 3484 in-

203 3549 302 3646 juria
318 3549 422 3622 istius
439 3549 581 3643 generis
599 3571 709 3642 quam
727 3537 929 3640 ὀλιγωρίαν
945 3549 1079 3616 vocant
1097 3539 1254 3615 Graeeit:

209 3667 338 3740 exinde
359 3666 524 3739 irascitur
547 3666 644 3762 quod
671 3666 775 3737 illum
793 3664 1047 3757 Agamemnon
1072 3667 1257 3755 contemp·

207 3781 264 3855 tui
281 3779 401 3869 habet,
419 3782 542 3879 itaque
565 3791 660 3853 recte
684 3802 758 3851 uon
776 3779 820 3850 de
838 3775 1054 3848 detrimento
1077 3775 1173 3850 facto
1197 3776 1259 3847 sed

209 3897 253 3971 de
270 3900 356 3970 laeso
374 3899 509 3972 honore
527 3899 604 3996 ipse
621 3896 729 3969 toties
748 3893 911 3990 queritur
926 3923 987 3964 :-

368 4022 522 4095 Ἧτίμησεν·
545 4026 612 4082 ἐλὼν
624 4024 675 4096 γὰρ
689 4024 743 4094 ἔχει
756 4020 834 4093 γέρας
847 4019 924 4075 αὐτὸς
937 4015 1050 4090 ἀπούρας
1059 4011 1075 4072 ¹.

250 4175 263 4210 l
282 4177 365 4236 Plut.
381 4176 412 4234 in
430 4175 488 4234 Vir.
507 4159 643 4233 Periclis.
751 4189 778 4230 c.
798 4189 824 4228 2.
866 4164 988 4226 Deficit.
1005 4165 1072 4226 Irae.

249 4257 320 4315 ¹11.
335 4270 365 4315 Α.
383 4255 513 4324 rande.
791 4247 799 4288 ¹
820 4248 866 4308 Il.
882 4261 913 4306 Α.
931 4245 996 4325 35⁶·

247 4333 353 4396 *Via
367 4335 496 4394 Amat
517 4331 615 4400 Rhea,
637 4328 657 4387 l.
681 4327 711 4386 ii,
