3096 4886
254 251 274 317 8
458 277 672 328 amatorio
695 277 813 326 aaran
839 277 1096 331 transennam

256 421 357 499 Utile
375 425 568 522 proposuit
585 427 691 500 nobis
709 427 893 524 exemplar
908 425 1097 524 Ulysseme
1109 459 1174 501 :—

334 563 365 616 οὐ
378 563 409 616 τὸ
422 563 587 636 τᾶγινόμυο
600 563 695 634 λέγειν,
710 565 907 632 τοῦτοποιητοῦ
921 563 999 636 ἔργον
1012 564 1094 630 ἐστὶν,
1108 563 1169 620 ἀλλ’
1184 561 1227 622 ola

336 659 368 714 ἂν
380 659 489 732 γένοιτο,
503 661 546 714 καὶ
558 661 591 714 τὰ
602 659 706 724 tumet,
720 661 785 714 κατὰ
798 661 829 714 τὸ
842 659 910 717 εἰκὸς
923 659 939 730 ἢ
952 662 983 714 τὸ
997 659 1143 733 ἀναγκαῖον.

307 775 390 850 Ηοο
416 801 503 850 vero
531 782 690 850 estnon
713 779 793 874 jam
820 778 974 851 ulterius
1003 777 1042 850 iu
1072 776 1317 873 singularibus

254 891 451 980 immorari,
470 893 533 966 sed
559 894 605 966 ad
630 891 849 967 universalia
871 917 1070 990 assurgere,
1089 919 1171 992 quae
1191 893 1317 992 singu-

255 1010 344 1082 laria
373 1012 662 1106 oomplectantur
673 1041 683 1098 ;
711 1010 802 1084 adeo
828 1015 873 1084 ut
899 1010 959 1084 hic
988 1010 1135 1084 demum
1162 1012 1315 1086 eandem

257 1163 430 1235 agnoscas
465 1164 576 1236 quam
605 1139 644 1212 iu
671 1138 907 1237 Philosophia
935 1125 1151 1232 ἀναδρομὴν
1179 1132 1239 1212 ἐπὶ
1266 1129 1315 1212 τὰ

258 1257 434 1340 καθόλου.
494 1269 595 1343 Idem
629 1294 737 1365 porro
772 1267 905 1342 mentis
938 1267 1040 1363 vigor
1065 1266 1224 1342 Poeticae
1256 1269 1314 1343 in·

257 1385 419 1460 ventioni
448 1387 510 1482 qui
540 1385 804 1482 Philosophicae
834 1384 1103 1480 investigationi
1136 1384 1312 1475 inservit;

257 1503 448 1576 nonenim
464 1503 566 1576 facile
584 1504 629 1575 ad
648 1509 786 1575 naturae
803 1525 970 1574 normam
986 1525 1106 1574 mores
1122 1501 1315 1576 hominum

258 1618 415 1714 effingat,
440 1619 509 1692 nisi
535 1619 598 1715 qui
621 1617 734 1691 vitam
758 1618 956 1690 humanam
978 1618 1218 1713 percalluerit,
1243 1619 1315 1692 nisi

258 1733 321 1831 qui
338 1759 492 1809 acumen
508 1735 599 1807 illud
616 1735 715 1831 quod
731 1733 770 1806 in
787 1733 1022 1832 Philosophia
1037 1741 1184 1808 tantum
1202 1736 1311 1824 valet,

257 1853 317 1922 vel
334 1851 485 1924 insitum
508 1853 657 1925 veluso
679 1851 850 1925 edoctum
873 1852 994 1939 habet,
1020 1876 1092 1948 quo
1116 1850 1219 1926 facile
1236 1853 1315 1949 dig-

258 1976 387 2041 noscat
404 1992 446 2041 eo
463 1992 544 2065 quae
560 1968 598 2041 in
622 1968 729 2041 rebus
753 1967 879 2042 multis
900 1967 1109 2042 communia
1131 1975 1229 2057 sunt,
1248 1975 1315 2043 aut

257 2108 300 2156 ea
317 2084 471 2158 invicem
488 2111 570 2183 quae
585 2083 623 2157 in
641 2086 792 2180 singulis
804 2086 955 2159 diversa.
992 2085 1042 2157 Et
1058 2085 1149 2158 mihi
1167 2085 1313 2182 quidem

256 2199 400 2273 videtur
418 2201 601 2276 Homerus
619 2203 745 2275 eadem
763 2201 838 2275 acie
854 2203 988 2275 mentis
1010 2227 1130 2276 mores
1152 2209 1191 2277 et
1207 2203 1315 2276 affec·

256 2321 318 2389 tus
344 2318 524 2393 humanos
549 2319 797 2415 perlustrasse,
825 2342 897 2414 quo
921 2317 1165 2416 Philosophia
1187 2320 1312 2394 lumen

256 2429 459 2506 Newtouus
471 2457 593 2506 rerum
603 2443 768 2506 naturam
783 2437 821 2504 et
837 2432 1004 2506 scientias
1019 2433 1310 2509 Mathematicas.

255 2547 358 2622 Idem
376 2552 450 2646 agit
466 2557 619 2647 uterque
635 2575 722 2624 cum
738 2574 798 2622 eas
816 2559 954 2622 naturae
970 2550 1068 2646 leges
1081 2574 1155 2624 uno
1173 2551 1311 2627 intuitu

253 2679 458 2764 perspectas
487 2668 609 2754 habet,
639 2673 677 2740 et
702 2689 805 2739 veras
834 2689 912 2738 esse
942 2665 1125 2754 enunciat,
1155 2691 1311 2764 quarum

253 2784 422 2858 notitiam
453 2785 513 2859 alii
541 2781 603 2858 vix'
629 2782 808 2880 gradatim
834 2781 1044 2876 attingunt:
1072 2805 1142 2855 nec
1171 2781 1311 2857 minore

253 2913 430 2998 apparatu
454 2904 500 2977 ad
518 2903 669 2976 Homeri
695 2907 876 2998 praecepta
900 2906 1076 2996 tauquam
1101 2901 1148 2974 ad
1172 2911 1313 2976 metam

254 3020 439 3114 quandam
464 3019 680 3115 perveniunt
714 3024 855 3090 veteres
880 3015 1100 3113 philosophi,
1127 3041 1237 3114 quam
1263 3018 1310 3093 ad

253 3133 422 3208 Newtoni
431 3135 672 3209 Theoremata
684 3132 901 3207 recentiores
911 3131 1174 3206 Mathematici.
1207 3132 1309 3218 Quo·

252 3249 348 3323 oirca
373 3250 403 3324 si
424 3252 486 3324 illa
508 3251 627 3324 omnis
650 3273 800 3346 poeseos
823 3250 882 3321 vel
906 3249 1054 3346 optimae
1078 3250 1206 3323 saltem
1223 3274 1310 3324 vern

252 3365 301 3440 sit
319 3367 524 3465 descriptio,
542 3392 623 3441 eam
640 3390 752 3463 quam
775 3365 934 3437 maxime
957 3364 1200 3441 universalem
1216 3390 1307 3455 esse,

249 3483 486 3582 philosophiae
504 3485 649 3558 affinem
665 3507 744 3557 esse
761 3482 885 3556 statim
903 3485 1029 3579 patet‘¹
1044 3513 1108 3557 :-

290 3640 331 3696 tat
345 3641 387 3695 καὶ
400 3641 623 3711 φιλοσοφώτερον
636 3638 677 3691 καὶ
691 3636 896 3706 σπουδαιότερον
908 3635 1014 3704 ποίησις
1025 3635 1142 3707 ἱστορίας
1156 3636 1238 3692 ἐστὶν

287 3736 322 3790 Ἦ
336 3737 447 3808 μὲνγὰρ
460 3734 722 3805 ποιησὶςμᾶλλοντὰ
735 3733 856 3796 καθόλου,
873 3730 925 3800 rid
941 3731 1089 3804 ἶστορίοτὰ
1103 3731 1160 3787 καθ’

288 3832 399 3887 ἕκαστον
410 3831 491 3904 λέγει.

299 3939 395 4012 Cum
423 3947 544 4012 autem
571 3938 609 4011 in
639 3937 740 4011 omni
764 3936 998 4034 philosophia
1023 3939 1169 4012 nullum
1194 3959 1305 4033 argu·

247 4061 414 4129 mentum
424 4056 541 4151 majus
554 4079 671 4150 neque
683 4054 871 4151 pulchrius
882 4051 1035 4128 inveniri
1046 4059 1180 4153 potest,
1194 4077 1306 4152 quum

246 4175 337 4250 illud
365 4175 462 4272 quod
487 4173 526 4245 in
549 4171 738 4246 hominum
761 4173 985 4248 commerciis
1011 4181 1047 4249 et
1073 4170 1201 4247 officiis
1223 4195 1305 4246 ver·

407 4325 418 4354 ⁰
438 4317 564 4376 Aristar.
578 4315 672 4384 Poet,
686 4333 711 4372 c.
727 4337 752 4389 9.
1030 4311 1045 4354 ‘¹
1059 4313 1140 4374 Ibid.
