3094 4898
273 276 338 339 162
613 286 828 334 rnnrscrro
851 285 998 335 nucius.

272 463 403 535 porum
429 443 596 535 prosunt,
619 463 686 512 nec
711 445 800 512 sunt
820 437 977 512 Poetioae
1000 437 1168 526 licentiae,
1195 439 1258 512 sed
1285 463 1333 511 ex

273 554 355 651 ipso
382 555 514 650 linguae
532 554 660 629 habitu
678 563 801 628 ortum
819 555 971 639 ducunt.

323 669 395 744 Sed
420 672 468 744 nd
498 673 636 767 majora
660 677 818 758 transeo,
845 672 891 743 nd
916 671 1035 768 ipsam
1060 669 1249 746 Orationis
1275 672 1332 745 in-

273 785 403 874 dolem,
422 787 469 860 ad
487 789 679 861 verborum
696 786 772 861 vim
789 799 827 861 et
845 786 996 883 copiam.

323 905 448 1000 Atque
466 905 543 977 haec
561 903 727 987 Quaestio
746 905 872 976 statim
894 905 972 1000 jam
989 905 1028 978 in
1046 903 1137 978 duas
1154 911 1277 1000 partes
1294 928 1334 976 se

274 1020 418 1108 scindit,
440 1045 596 1118 quorum
620 1021 734 1094 ultera
758 1019 797 1094 in
823 1020 937 1117 ipsius
962 1021 1095 1117 liuguae
1120 1020 1335 1094 excellentia

274 1144 453 1224 versetur,
472 1138 585 1210 altero
600 1138 646 1210 od
664 1137 827 1235 ejusdem
845 1145 984 1211 statum
1001 1137 1064 1234 qui
1081 1139 1120 1210 in
1138 1137 1335 1211 Homerica

274 1261 382 1328 aetote
408 1254 563 1328 invaluit
589 1279 656 1328 nos
678 1255 837 1328 deducit.
891 1253 949 1328 De
974 1253 1054 1351 ipso
1079 1235 1204 1350 lingua
1229 1254 1334 1352 prius

276 1372 473 1446 dicendum
490 1379 558 1445 est.

326 1489 411 1562 Jam
428 1513 515 1562 vero
533 1489 652 1562 omnis
670 1486 796 1562 Oratio
822 1496 878 1562 est
903 1488 942 1560 in
959 1477 1079 1562 verbis
1097 1488 1251 1592 singulis
1269 1495 1335 1561 aut

276 1608 481 1704 conjunctis
494 1604 519 1679 δ.
571 1607 626 1679 Ex
651 1607 785 1680 horum
807 1608 983 1680 alterutro
1007 1609 1064 1680 vel
1087 1631 1130 1679 ex
1156 1607 1335 1680 ambobus

277 1725 387 1798 simul
420 1722 577 1819 sumptis
604 1747 828 1821 unaquaeque
857 1722 981 1820 lingua
1007 1723 1220 1796 estimanda
1254 1731 1334 1808 est;

277 1840 388 1914 habet
413 1839 510 1914 enim
527 1842 587 1912 vel
602 1841 797 1914 verborum
820 1842 964 1937 copiam
980 1847 1019 1914 et
1043 1839 1260 1936 elegantium
1276 1839 1337 1912 vel

277 1957 436 2056 partium
452 1964 576 2053 aptum
593 1956 690 2030 inter
707 1981 746 2030 se
763 1956 1039 2031 connexionem.

331 2074 443 2158 Quod
468 2073 628 2170 singulas
645 2073 757 2170 igitur
779 2081 901 2171 partes
926 2075 1071 2164 attinet,
1090 2081 1189 2148 recte
1214 2098 1255 2146 se
1277 2099 1336 2147 res

278 2190 400 2278 habet,
420 2191 451 2264 si
477 2190 589 2264 animi
605 2191 722 2264 nostri
748 2215 856 2264 seusa
880 2192 1033 2290 pulchre
1049 2197 1160 2287 atque
1177 2213 1261 2263 vere
1277 2214 1335 2262 re·

278 2314 510 2404 praeseutent,
523 2309 554 2382 si
572 2308 619 2381 ed
636 2333 788 2382 manum
805 2309 879 2382 sint
894 2309 1035 2382 “verba
1051 2308 1186 2382 usitata
1203 2313 1241 2379 et
1254 2331 1337 2401 quae

276 2427 422 2523 proprie
435 2427 687 2500 demonstrent
700 2451 743 2499 ea
756 2450 838 2523 quae
852 2426 1025 2500 declarari
1037 2427 1271 2499 volumus⁶:’¹
1291 2425 1337 2498 de

279 2567 351 2640 qua
377 2543 524 2641 quidem
553 2543 753 2640 quaestioue
777 2543 832 2617 ito
858 2543 1005 2616 demum
1029 2544 1135 2617 nobis
1157 2541 1338 2639 judicium

275 2660 368 2734 ferre
393 2659 526 2747 licebit,
556 2661 587 2734 si
612 2661 659 2733 od
689 2661 972 2757 pulcherrimam
997 2662 1099 2733 illam
1125 2657 1337 2732 Aristotelis

277 2779 337 2849 vel
366 2777 539 2875 Archytae
567 2778 691 2874 potius
722 2778 1016 2851 distributionem
1045 2777 1250 2850 revocanda
1278 2800 1337 2848 res

278 2896 337 2985 sit,
352 2921 425 2994 quo
442 2897 564 2970 omnio
581 2895 734 2969 Neturae
751 2921 872 2993 opera,
892 2907 1002 2993 atque
1018 2896 1108 2970 adeo
1126 2919 1252 2968 omues
1269 2918 1338 2966 uo-

276 3013 395 3086 tiones
417 3020 561 3086 nostros
589 3017 790 3110 (utcunque
814 3013 886 3087 sint
908 3013 1027 3109 specie
1049 3024 1160 3108 atque
1182 3035 1337 3084 numero

277 3130 498 3223 multiplices
515 3135 553 3202 et
575 3129 648 3203 sere
666 3129 831 3217 infinitos)
853 3131 950 3202 iutro
967 3131 1092 3203 decem
1119 3131 1252 3202 classes
1269 3151 1336 3200 seu

277 3247 561 3320 Praedicnmentc
585 3247 776 3334 conclusit,
803 3256 842 3320 et
866 3247 1018 3344 singulis
1049 3247 1223 3320 classibus
1250 3270 1337 3318 suos

278 3364 498 3439 differentias
511 3375 549 3464 et
565 3366 663 3460 leges
680 3363 894 3461 adscripsit3
914 3389 960 3437 ex
974 3363 1043 3437 hac
1057 3364 1206 3437 demum
1219 3371 1336 3460 parte,

178 3567 184 3580 ⁸
277 3507 323 3556 ex
350 3482 417 3554 hac
443 3480 697 3554 distributione
727 3481 788 3554 cui
812 3489 910 3554 certe
935 3481 1041 3554 aliam
1067 3504 1186 3576 neque
1212 3503 1337 3576 purem

279 3625 397 3697 neque
418 3599 573 3672 similem
591 3623 752 3695 unquam
778 3597 933 3695 pmtulit
950 3597 1194 3694 Philosophia,
1214 3621 1338 3670 rerum

279 3729 317 3791 et
337 3717 530 3791 notionum
548 3721 756 3789 nostrarum
774 3717 954 3790 ambitum
971 3713 1210 3810 contemplari
1227 3714 1336 3802 licet;

280 3861 325 3909 ex
352 3835 420 3909 hac
446 3834 537 3908 adeo
562 3833 669 3906 unice
695 3832 739 3906 de
758 3834 943 3907 vocabulis
969 3831 1242 3930 dijudicandum
1269 3839 1336 3916 est,

280 3964 404 4024 utrum
422 3961 559 4023 naturae
577 3960 615 4023 et
639 3949 683 4023 iis
701 3974 782 4045 quae
810 3950 847 4022 in
864 3975 983 4022 rerum
1011 3959 1143 4022 nature
1168 3948 1337 4020 maximae
1417 3923 1433 3946 ”

281 4078 369 4141 sunt
402 4067 612 4140 differentiis
648 4091 808 4141 consona
841 4067 988 4141 fuerint.
1055 4064 1192 4139 Omnia
1227 4062 1339 4161 igitur

280 4183 457 4256 vocabula
483 4183 615 4282 quibus
641 4186 793 4260 seorsim
820 4191 858 4257 et
883 4209 1009 4283 perse
1035 4182 1192 4282 sumptis
1217 4183 1339 4280 eliqua
1402 4289 1414 4308 ·

361 4321 373 4354 '³
398 4323 458 4383 Cic.
474 4324 511 4383 de
528 4324 623 4397 Orat,
639 4323 659 4382 l.
674 4323 716 4385 iii.
731 4345 756 4386 c.
775 4343 821 4403 37.
1030 4331 1042 4362 ⁰
1064 4320 1192 4392 1bid.‚c.
1211 4342 1256 4398 ¹³·
