3096 4886
290 264 334 330 lo
499 285 712 337 Ριιιιιιοιιο
734 285 852 336 aaran
877 284 1134 334 rnanoonarrs

290 437 397 512 Poesi
420 434 648 512 sentiendum
671 441 739 523 est,
758 459 833 509 non
857 439 1034 531 tanquam
1050 433 1122 508 levi
1141 432 1265 530 aliquo
1281 435 1345 510 oh·

290 554 523 639 reclamante,
545 553 645 651 quod
667 551 793 626 otiosis
816 551 967 626 auribus
990 549 1254 640 adblandiatur,
1281 554 1346 628 scd

290 683 466 768 tanquam
481 669 566 744 vitae
582 670 685 757 duce,
704 695 785 765 quae
800 693 920 744 mores
936 675 974 743 et
989 674 1111 744 totum
1128 667 1292 744 animum
1308 670 1347 744 in

290 799 421 876 melius
437 801 601 896 effingit⁸
613 786 738 872 :—drd
751 793 818 890 τῆς
829 792 1024 891 ποιητικῆς
1040 786 1283 871 παιδεύουσιν
1302 793 1347 872 οὐ

290 922 539 1028 ψυχαγωγίας
564 915 676 1025 χάριν
703 917 889 1020 δήπουθεν
915 922 1048 1024 ψιλῆς,
1068 916 1172 998 ἀλλὰ
1189 925 1346 1027 σωφρο-

293 1058 442 1152 νισμοῦ.

344 1174 505 1260 Quodsi
526 1173 652 1249 Poesis
673 1173 756 1249 talis
779 1171 931 1271 sitquid
957 1173 1107 1247 tandem
1129 1174 1176 1248 de
1190 1173 1254 1248 illa
1269 1185 1347 1250 arte

293 1291 574 1366 existimandum
600 1297 668 1381 est,
695 1315 776 1388 quae
800 1289 931 1364 Poesin
956 1291 1075 1386 ipsam
1094 1290 1348 1366 illustrandam

293 1422 332 1484 et
353 1411 614 1507 explorandam
636 1409 704 1484 sibi
726 1408 914 1482 vindicat?
942 1405 1114 1494 Quonam
1137 1409 1235 1481 enim
1261 1433 1349 1483 con·

294 1527 412 1624 fngim
434 1527 496 1624 qui
521 1528 566 1601 de
588 1549 628 1600 re
649 1533 727 1600 tam
750 1525 850 1622 gravi
870 1524 1086 1598 sententiam
1113 1527 1255 1599 laturus
1277 1535 1346 1615 est,

294 1644 365 1717 nisi
398 1644 445 1716 ad
478 1644 718 1716 maximarum
753 1665 874 1714 rerum
915 1640 1134 1714 scientiam?
1178 1640 1218 1714 Si
1256 1642 1346 1715 illud

295 1759 417 1833 Poetae
442 1759 602 1832 officium
627 1758 686 1846 sit,
713 1763 758 1830 ut
782 1756 873 1829 nihil
899 1756 1058 1854 proferat
1086 1758 1185 1853 quod
1210 1764 1349 1832 naturae

296 1886 335 1951 et
360 1887 469 1950 rcctae
496 1874 628 1950 rationi
654 1885 845 1972 repugnet,
872 1899 948 1948 non
976 1875 1123 1948 aliunde
1149 1876 1239 1948 artis
1272 1900 1349 1949 snae

296 1993 503 2067 rudimenta
528 1993 695 2066 desumet
720 1990 877 2066 Criticus
904 1991 975 2064 nisi
1000 2015 1046 2064 ex
1073 2015 1170 2066 sanae
1195 1991 1349 2088 Logiccs

297 2111 499 2208 praeceptis,
526 2133 572 2182 ex
601 2108 733 2207 quibus
766 2107 874 2182 unice
906 2107 1139 2181 ediscendum
1174 2115 1230 2182 cst
1263 2108 1351 2206 quid

298 2237 406 2302 rcctae
431 2225 582 2300 rationis
608 2227 668 2301 sit.
721 2226 864 2300 Rursus
894 2227 925 2299 si
954 2225 1046 2299 illud
1070 2226 1193 2299 Poetae
1220 2225 1279 2316 sit,
1307 2233 1352 2300 nt

298 2344 529 2418 consiliomm
552 2351 591 2418 et
615 2343 802 2418 actionum
823 2344 1068 2416 humanarum
1090 2341 1284 2439 imaginem
1300 2342 1352 2416 ef-

298 2463 424 2559 fingat,
442 2461 494 2536 ita
518 2459 628 2535 etiam
652 2471 694 2534 ut
719 2460 758 2534 in
783 2460 957 2534 virtutem
977 2483 1045 2533 nos
1071 2461 1225 2549 erudiat,
1244 2484 1352 2533 nemo

297 2590 395 2654 certe
425 2580 470 2652 de
497 2577 553 2651 his
579 2579 687 2652 rebus
714 2583 812 2652 recte
831 2577 1024 2674 judicabit,
1052 2577 1122 2650 nisi
1145 2576 1207 2674 qui
1233 2599 1352 2651 mores

298 2695 489 2770 hominum
506 2706 544 2768 et
560 2697 712 2769 affectus
728 2693 963 2792 perspexerit,
982 2719 1090 2768 nemo
1108 2693 1266 2790 denique
1282 2694 1353 2768 nisi

298 2814 487 2910 quitatam
501 2813 668 2888 Ethicam
684 2811 949 2911 philosophiam
966 2813 1205 2909 percallucrit.
1232 2811 1353 2886 Etiam

298 2930 361 3004 illa
386 2956 467 3027 quae
492 2932 537 3004 de
565 2955 604 3003 re
631 2929 780 3020 rustica,
808 2931 852 3004 de
878 2931 964 3003 anni
988 2928 1279 3026 tempestatibus,
1307 2929 1354 3002 de

299 3045 488 3140 regionum
511 3045 584 3119 situ
605 3053 643 3120 et
664 3047 848 3142 temperie,
867 3052 906 3119 ct
928 3046 1066 3120 caeteris
1089 3046 1280 3138 ejusmodi,
1293 3045 1355 3142 ju·

300 3163 420 3236 eunde
436 3187 611 3259 perquam
627 3171 663 3236 et
680 3165 863 3258 eleganter
873 3163 1042 3260 operibus
1060 3164 1135 3237 suis
1148 3161 1355 3236 immiscent

299 3283 430 3376 poetae,
447 3304 523 3352 non
548 3281 636 3354 satis
661 3279 878 3378 intelligunt,
899 3281 970 3356 nisi
997 3281 1059 3379 qui
1082 3280 1212 3354 harum
1232 3305 1355 3354 rerum

301 3396 469 3469 notitiam
492 3421 566 3470 non
586 3397 803 3471 mediocrem
827 3399 984 3472 assecuti
1008 3405 1106 3472 sunt.
1160 3395 1289 3495 Itaque
1311 3395 1355 3469 iis

302 3515 395 3587 male
413 3537 452 3586 se
468 3539 525 3587 res
541 3514 663 3602 habet,
681 3514 744 3613 qui
769 3515 913 3589 aliunde
936 3539 1048 3612 quam
1071 3539 1117 3588 ex
1135 3520 1302 3588 accurata
1318 3524 1356 3587 ct

302 3629 494 3727 multiplici
514 3630 664 3705 scientia
685 3633 724 3705 in
747 3631 815 3704 hac
837 3641 914 3704 arte
935 3629 1102 3728 peritiam
1123 3654 1162 3703 se
1187 3653 1357 3702 consecu-

302 3757 404 3822 turos
422 3753 571 3847 sperant
583 3780 594 3838 ;
619 3748 857 3824 illudentem
882 3773 1036 3824 summae
1059 3753 1115 3823 cst
1132 3746 1357 3846 arrogantiae,

551 3917 608 3966 οὔτε
619 3919 708 3968 δαῖτας·
726 3916 793 3966 ἀλλὰ
803 3913 900 3966 πόποι

555 3983 639 4042 enata
650 3983 727 4047 ἔργα
737 3985 765 4032 lv
775 3983 874 4044 οὐροιᾷ,

555 4048 704 4110 χρυσότοξον
716 4048 811 4108 θέμενοι

557 4113 621 4174 παρὰ
632 4113 720 4163 Πύθιοι
729 4112 874 4164 Ἀπόλλωνι
885 4114 988 4178 θρόνους,

558 4177 643 4229 dlmr
653 4179 755 4234 σι’βοηι
765 4178 855 4239 πατρὸς
894 4233 898 4238 ,

557 4243 699 4306 Ὀλυμπίοιο
713 4241 899 4306 nuda-PM.
914 4245 953 4296 OL
968 4263 1004 4308 14

376 4353 389 4386 ¹
406 4338 498 4406 Sitai,
508 4337 555 4395 lib.
571 4361 592 4396 ι.
