3058 4908
450 323 663 375 ranacario
682 325 983 386 occini-ccum.
1179 316 1243 378 255

188 477 298 550 etiam
315 476 353 548 in
371 457 492 549 medio
508 477 674 549 tumultu
692 499 760 549 nos
784 483 909 550 monet
926 477 1062 549 Poeta⁰
1079 500 1154 548 non
1170 477 1242 549 nisi
1358 505 1361 512 ⁴

188 595 336 667 absente
353 593 493 667 Achille
511 603 587 667 tam
604 617 710 690 aequo
727 595 849 668 Marte
866 601 1114 668 concertatum
1132 619 1223 667 esse.

237 711 279 784 L.
300 711 333 783 6.
363 709 498 784 Sextus
524 711 563 783 in
588 713 714 784 eadem
739 737 777 784 re
803 711 1050 785 continuanda
1066 722 1241 799 versatur,

187 833 429 924 praeterquam
456 828 554 924 quod
581 851 603 900 a
626 827 750 923 praelio
773 827 943 925 utrinque
969 853 1007 901 se
1033 829 1244 901 subducunt

189 944 251 1017 Dii
267 954 304 1018 et
329 944 436 1040 primi
457 969 655 1018 concursus
671 945 727 1018 vis
753 952 862 1043 atque
888 946 1045 1043 impetus
1063 971 1130 1043 pro
1156 947 1242 1020 isto-

187 1086 271 1134 rum
303 1071 509 1157 temporum
543 1061 682 1134 ratione
716 1063 932 1136 obtunditur
959 1071 996 1136 et
1030 1063 1141 1160 coepit
1168 1065 1244 1135 lan·

188 1201 379 1273 guascere:
408 1179 455 1252 ad
470 1178 650 1276 Tydidem
666 1185 790 1252 tamen
807 1189 845 1253 et
863 1179 1010 1253 Graecos
1031 1205 1069 1253 se
1095 1179 1244 1252 inclinat

188 1293 351 1382 victoria,
371 1304 413 1368 ut
437 1319 482 1368 ex
506 1296 675 1370 Hectoris
699 1297 744 1369 ad
768 1298 896 1369 urbem
921 1298 1040 1370 reditu
1063 1303 1101 1370 et
1126 1299 1242 1370 solen-

188 1413 296 1486 nibus
316 1411 558 1507 Trcjanorum
584 1407 829 1486 matronarum
855 1413 1022 1509 precibus
1048 1413 1133 1486 satis
1160 1438 1243 1487 con-

190 1537 274 1603 stat.
339 1529 478 1602 Exinde
510 1523 700 1603 occasione
733 1531 900 1604 lubenter
933 1541 1087 1626 arrepta,
1123 1554 1243 1603 rerum

188 1655 312 1722 tamen
342 1648 467 1722 ordine
496 1647 616 1721 adhuc
642 1647 795 1721 fideliter
820 1660 974 1736 servato,
1001 1648 1040 1721 in
1068 1647 1181 1722 civilis
1206 1655 1244 1722 et

190 1765 394 1840 domesticae
407 1765 496 1838 vitae
506 1765 785 1841 consuetudines
798 1766 975 1839 delabitur
986 1764 1107 1839 Poeta.
1145 1763 1243 1840 Hinc

190 1882 353 1968 Hecuba,
378 1881 518 1954 Helena
540 1892 577 1954 et
607 1867 821 1955 suavissima
846 1881 908 1956 illa
936 1883 1141 1956 “Hectoris
1166 1883 1242 1956 An-

188 1999 420 2086 dromache,'’
449 2003 530 2095 q'uae
559 2023 644 2072 cum
671 1998 710 2070 in
737 1999 850 2072 aciem
880 2023 953 2072 non
984 2000 1176 2097 prodeunt,
1205 1999 1243 2072 in

188 2116 300 2190 Iliade
324 2123 446 2189 tamen
473 2107 548 2196 non
580 2116 724 2189 infimas
760 2129 881 2213 partes
908 2119 1101 2205 sustinent,
1134 2142 1242 2190 suurn

187 2235 312 2307 locum
329 2241 365 2305 et
382 2234 512 2329 agendi
529 2231 626 2307 vices
643 2233 788 2308 habent.
843 2233 983 2308 Interea
1007 2234 1045 2307 in
1062 2235 1132 2308 hoc
1149 2240 1187 2308 et
1203 2236 1242 2308 in

187 2350 461 2446 insequentibus
479 2349 578 2424 libris
597 2349 752 2424 Achillis
772 2375 845 2425 non
862 2351 951 2424 levis
969 2352 1107 2424 mentio
1124 2351 1241 2426 obiter

188 2465 372 2539 intercidit
383 2473 409 2538 ¹³.
816 2449 819 2452 ¹

239 2582 281 2655 L.
302 2583 335 2655 7.
362 2582 519 2680 Jamque
549 2581 703 2679 primam
728 2605 887 2680 pugnam
913 2583 1050 2656 claudit
1076 2582 1243 2660 Hectoris

189 2704 228 2772 et
243 2699 363 2795 Ajacis
388 2699 569 2795 singulare
586 2707 783 2788 certarnen,
803 2701 841 2773 in
859 2723 1034 2804 quocum
1052 2723 1156 2797 aequo
1171 2703 1245 2775 fere

188 2814 311 2888 Marte
333 2827 535 2912 pugnatum
562 2824 619 2890 est
648 2823 778 2891 mutua
802 2818 950 2890 virtutis
979 2817 1245 2892 collaudatione
1309 2891 1313 2900 ,

189 2939 227 3008 ct
244 2933 347 3007 donis
365 2934 459 3008 datis
484 2935 699 3008 abscedunt.
750 2936 991 3031 Trojanorum
1017 2942 1138 3009 autem
1164 2962 1244 3034 pro-

189 3051 313 3126 cerum
348 3051 393 3125 de
427 3054 611 3127 reddenda
645 3051 789 3127 Helena
829 3053 1055 3150 disceptatio,
1091 3055 1245 3129 induciae

189 3179 420 3246 mortuorum
438 3173 731 3270 sepeliendorum
749 3196 860 3246 causa
877 3183 913 3245 et
935 3173 1030 3274 muri
1047 3175 1244 3248 exstructio

189 3312 235 3360 cx
263 3287 363 3361 omni
389 3300 493 3385 parte
522 3289 654 3362 indicia
682 3295 770 3362 sunt
797 3287 1003 3362 certaminis
1031 3291 1144 3386 magis
1167 3291 1246 3387 jam

188 3406 322 3506 aequati
341 3431 380 3478 re
398 3417 519 3480 tamen
537 3407 581 3480 ad
600 3407 749 3481 Graecos
773 3405 955 3482 inclinata.
1011 3384 1135 3480 Finem
1153 3408 1245 3481 libro

188 3521 384 3619 imponunt
399 3530 563 3597 venturae
588 3524 685 3621 apud
708 3523 790 3597 illos
818 3525 949 3620 stragis
967 3521 1044 3596 dira
1069 3525 1245 3620 praesagia

191 3645 228 3712 et
245 3639 328 3713 irati
345 3640 450 3714 Jovis
469 3643 573 3738 signa
587 3673 649 3715 :-

348 3807 493 3880 Παννῦχιος
506 3809 537 3864 δι’
549 3812 617 3881 σφιν
630 3811 693 3864 κακὰ
707 3808 803 3880 μήδετο
816 3808 924 3878 μητίετα
939 3809 1003 3866 Ζεὺς

348 3905 498 3977 Σμερδαλὲα
511 3907 633 3962 κτυπέων·
658 3906 719 3963 τοὺς
732 3907 760 3960 δὲ
773 3907 881 3978 χλωρόν
894 3906 953 3962 deda
965 3903 1022 3976 ᾔρει
1032 3907 1057 3960 l·

236 4041 334 4130 LJ8.
362 4057 440 4132 Nec
452 4084 537 4135 vero
551 4060 628 4156 jam
643 4058 791 4133 ineunte
809 4060 967 4134 secundo
985 4057 1108 4155 praelio
1122 4065 1242 4133 cessat

224 4275 285 4326 ⁰r.
300 4269 366 4347 787.
610 4269 716 4331 P'Vid.
731 4285 760 4332 z.
775 4291 916 4349 99,4r4;
940 4274 1239 4348 H.113.125,228;

183 4359 216 4407 θ.
234 4367 297 4421 225,
313 4367 382 4427 475.
908 4359 922 4400 ‘¹
944 4351 989 4410 Il.
1007 4367 1041 4413 H.
1058 4357 1126 4430 478.
