3058 4908
272 313 336 376 190
575 318 789 367 ranurorro
817 317 1018 369 onoratur.

272 475 505 548 Universales
528 472 613 560 sint,
632 471 827 545 commenti
852 477 940 544 sunt
957 469 1144 542 Orationis
1170 473 1323 563 partem,

273 590 552 686 Praepositiones
578 590 729 675 scilicet,
757 611 837 684 quae
867 611 993 659 omnes
1019 609 1129 660 sensu
1153 585 1326 681 primario

270 707 360 781 Loci
385 706 596 780 relationem
619 705 803 802 quandam
818 705 877 776 vel
902 703 1144 777 mutationem
1168 702 1325 774 declara-

271 831 365 911 rent,
379 829 418 896 et
434 825 479 897 ab
496 823 595 897 hisce
613 824 779 895 sensibus
797 822 842 894 ad
859 819 948 894 alios
961 819 1145 894 transferri
1161 829 1324 916 possent.

271 940 345 1013 Vix
379 941 477 1013 enim
507 941 700 1037 quicquam
735 946 791 1012 est
821 939 882 1012 cui
915 938 1017 1011 nulla
1046 963 1130 1011 cum
1159 937 1257 1010 Loco
1287 943 1326 1010 et

271 1057 380 1130 Motu
409 1056 589 1152 Analogia
617 1057 818 1130 intercedit.
863 1055 984 1128 Hisce
1010 1054 1121 1150 igitur
1150 1052 1326 1150 Praeposi-

271 1174 431 1248 tionibus
457 1198 545 1247 suus
568 1173 776 1270 adscriptus
801 1183 857 1246 est
873 1171 1045 1245 Nominis
1069 1170 1196 1258 Casus,
1215 1179 1328 1266 atque

271 1290 304 1365 is
328 1291 402 1364 fere
431 1289 494 1386 qui
523 1315 609 1363 cum
635 1289 902 1387 Praepositionis
932 1313 1041 1362 sensu
1069 1290 1208 1385 optime
1236 1311 1326 1360 con-

271 1407 421 1480 veniret.
474 1406 545 1480 Sed
570 1413 609 1480 et
633 1431 758 1480 earum
784 1408 909 1480 multae
926 1405 1077 1479 diversis
1093 1405 1248 1478 Casibus
1264 1405 1327 1477 ad·

272 1522 413 1619 scriptae
436 1524 597 1597 diversos
623 1547 750 1596 sensus
775 1523 944 1610 induunt,
971 1521 1053 1596 illos
1079 1521 1264 1607 nimirum,
1282 1531 1328 1594 ut

271 1639 425 1727 videtur,
458 1641 522 1737 qui
554 1665 600 1714 ex
627 1640 664 1712 vi
693 1640 808 1736 ipsius
839 1639 957 1713 Casus
992 1649 1030 1713 et
1057 1637 1326 1736 Praepositionis

272 1779 380 1829 sensu
410 1756 505 1830 inter
534 1781 574 1830 se
603 1756 804 1830 commissis
834 1757 1022 1832 oriuntur:
1055 1756 1143 1854 quin
1173 1762 1327 1829 etcum

271 1870 402 1945 Verbis
420 1871 507 1968 ipsis
521 1871 729 1944 societatem
746 1872 874 1944 ineunt
887 1871 1184 1968 Praepositiones3
1207 1895 1327 1968 neque

270 1987 361 2060 illud
387 1989 533 2076 mimm,
558 1988 662 2062 facile
691 1987 788 2060 euim
813 1988 860 2061 ad
884 1988 1024 2062 Locum
1055 1993 1093 2060 et
1116 1987 1265 2060 Motum
1287 1989 1327 2060 in

270 2104 351 2201 ipsa
364 2105 519 2178 Actione
535 2105 759 2178 nominanda
772 2105 986 2179 desemntur
999 2105 1190 2179 bominum
1202 2103 1324 2176 animi.

273 2233 343 2306 Sed
369 2243 413 2306 ut
437 2233 612 2329 exemplis
641 2257 718 2306 rem
744 2255 935 2329 exponam.
988 2233 1199 2328 Praepositio
1222 2221 1327 2326 παρὰ

272 2352 323 2424 rei
342 2350 453 2423 situm
465 2352 574 2446 juxta
590 2352 742 2424 alteram
759 2375 804 2423 ex
821 2352 933 2425 latere
950 2350 1138 2448 significat.

512 2515 583 2586 reri
597 2513 620 2568 δ’
633 2514 714 2586 ἔγχεα
726 2514 811 2584 μακρὰ
823 2513 938 2582 πέπηγεν
946 2517 966 2566 ¹·

273 2638 322 2711 Et
338 2638 557 2713 Accusativo
571 2640 739 2736 jungitur
753 2669 815 2710 :—

510 2793 581 2865 rrupd
593 2792 696 2863 τάφρον
709 2790 819 2862 ὀρυκτὴν
832 2791 932 2861 τείχεος
946 2791 1017 2848 ἐκτὸς
1025 2795 1043 2846 “.

504 2913 575 2986 παρὸ
589 2912 647 2968 θῖνα
658 2913 876 2983 σολυφλοῖσβοιο
890 2911 1027 2982 θαλάσσης
1035 2915 1055 2965 “.

272 3055 370 3127 Hinc
387 3057 476 3129 adeo
503 3057 586 3129 navi
607 3059 716 3154 juxta
732 3056 837 3129 littus
863 3080 1010 3128 cursum
1027 3057 1168 3129 tenenti
1191 3057 1327 3132 adscri-

272 3170 369 3244 bitur
386 3178 423 3244 et
439 3172 511 3245 illis
528 3173 590 3269 qui
606 3172 765 3246 fluminis
781 3173 879 3268 ripas
897 3172 1077 3245 accolunt.

430 3320 486 3377 Oir’
500 3323 550 3396 ὅρα
562 3326 616 3396 πὰρ
629 3326 747 3394 ποταμὸν
760 3323 903 3393 Κηφισσὸν
916 3323 972 3377 δῖον
984 3317 1098 3379 interl.

273 3462 373 3536 Situs
390 3475 511 3538 autem
525 3467 633 3562 juxta
641 3463 750 3538 aliud
767 3488 851 3538 cum
867 3471 1061 3560 potestate,
1081 3465 1150 3538 hoc
1167 3476 1223 3540 est
1240 3491 1328 3541 cum

272 3578 456 3669 Genitivo,
485 3581 547 3678 qui
574 3605 679 3654 casus
706 3605 752 3653 ex
781 3580 972 3676 potestatis
1000 3581 1149 3655 notione
1177 3583 1325 3679 pendet,

189 3757 193 3764 .
270 3697 367 3771 sacili
393 3699 606 3796 metaphora
631 3699 692 3772 isti
717 3697 890 3771 tribuitur
915 3698 1012 3794 quod
1037 3699 1084 3771 ab
1106 3698 1176 3772 alio
1202 3711 1327 3773 ortum

270 3813 489 3918 ducit—miv
507 3815 581 3899 ἀπὸ
599 3815 806 3921 προσώπου
824 3815 1065 3916 σημαίνουσα
1083 3820 1252 3919 κίνησινο
1265 3860 1327 3902 :-

466 4025 507 4034 -
516 3994 678 4066 Ἡφαίστοιο
690 3996 760 4068 πάρα
774 3995 855 4050 aab
867 3993 960 4066 τεῦχεα
974 3991 1063 4064 diff.

308 4171 319 4206 ¹
341 4163 386 4222 Il.
403 4176 432 4222 Γ.
451 4167 516 4238 138.
857 4159 871 4198 l·
892 4161 970 4223 Ibid.
986 4177 1014 4223 n.
1033 4183 1099 4242 52²·

310 4249 319 4272 ¹
340 4240 420 4300 Ibid.
435 4255 465 4301 r.
480 4262 530 4318 49.
856 4256 866 4280 ²
890 4241 1034 4304 Tremor.
1055 4244 1145 4316 Gaza,
1160 4241 1182 4302 l.
1197 4243 1237 4304 ir.

129 4397 139 4408 .
308 4317 591 4397 wfflafflm
856 4319 1043 4382 ‘stam
