3096 4886
544 305 756 354 raAEraorro
779 305 924 365 aarum.
1218 281 1258 342 85

210 445 311 531 Quid
337 453 461 518 autem
491 445 536 516 de
562 443 720 516 aedificiis
748 467 874 516 eorum
903 448 1109 538 temporum
1142 441 1261 516 existi·

210 563 385 636 mendum
419 565 487 647 est,
522 559 560 632 in
594 559 724 656 quibus
758 583 931 655 magnum
967 558 1047 647 fuit,
1082 571 1121 632 et
1154 558 1262 656 regiae

211 676 387 775 superbia
418 699 464 748 ex
498 697 590 748 caeso
620 673 738 770 lapide
768 675 919 747 domum
948 681 1169 748 exstructam
1198 675 1262 747 ha-

211 795 348 868 bere⁸?
391 792 449 864 De
479 792 625 888 templis
659 814 809 864 suoram
839 801 1046 886 temporum
1074 815 1263 888 nunquam

212 908 281 984 nisi
306 909 423 984 obiter
446 909 591 982 locutus
616 918 672 981 est
693 905 887 995 Homerus,
907 933 988 1004 quae
1013 907 1148 982 scilieet
1172 933 1263 981 non·

213 1030 302 1101 dum
328 1025 514 1123 splendide
539 1021 658 1097 extrui
684 1033 722 1096 et
747 1023 867 1097 ornari
889 1032 1089 1120 coeperunt.
1142 1024 1265 1099 Pauca

210 1143 375 1241 quadam
401 1140 643 1214 Heroicorum
674 1151 881 1237 temporum
907 1150 1144 1216 monumenta
1164 1165 1186 1215 a
1210 1167 1265 1215 re·

210 1260 429 1335 certioribus
457 1259 592 1333 Graecis
613 1253 853 1346 celebrantur,
879 1284 953 1355 prae
977 1260 1114 1334 caeteris
1141 1267 1264 1334 antem

210 1377 396 1474 Tirynthia
429 1375 589 1450 moeniah
617 1375 822 1472 Cyclopum
851 1375 974 1450 labore
1004 1386 1199 1464 exstructa,
1229 1383 1266 1450 et

212 1495 305 1590 regis
334 1492 472 1590 Minyae
501 1493 600 1588 apud
626 1492 893 1566 Orchomenios
918 1491 1158 1580 Thesaurus,
1186 1519 1268 1590 quae

213 1615 347 1697 tamen,
362 1614 405 1681 ut
422 1633 467 1682 ex
481 1607 668 1681 Strabonis
686 1619 722 1681 et
735 1609 922 1683 Pausaniae
937 1610 1057 1684 verbis
1075 1610 1269 1706 conjectari

213 1723 309 1812 licet,
328 1723 578 1820 magnitudine
601 1725 721 1821 operis
744 1732 782 1798 et
804 1727 899 1798 mole
920 1751 985 1800 sua
1008 1727 1131 1823 potius
1158 1752 1269 1824 quam

214 1842 403 1936 splendore
413 1838 725 1937 etpulchritudine
735 1841 986 1937 conspicienda
997 1841 1269 1940 erant,AEgypti

215 1956 438 2056 PyramidaS,
470 1956 669 2052 Babylonis
699 1957 846 2044 moenia,
878 1963 916 2029 et
945 1962 1075 2030 caetera
1105 1957 1269 2032 Orientis

214 2081 383 2172 portenta
408 2073 529 2170 potius
546 2073 750 2146 referebant
767 2097 875 2172 quam
892 2076 1101 2149 recentioris
1120 2075 1269 2150 Graeciae

217 2190 368 2265 aedificia
384 2191 429 2264 ad
447 2189 534 2264 artis
551 2213 717 2262 normam
735 2190 917 2286 eleganter
934 2191 1158 2265 concinnata.

267 2306 513 2380 Instrumenta
537 2305 679 2380 fabrilia
704 2306 749 2378 ab
775 2307 854 2403 ipso
879 2306 992 2380 Poeta
1017 2310 1189 2406 pleraque
1213 2334 1270 2383 re·

217 2418 456 2507 censentur¹;
484 2447 640 2518 quorum
666 2433 788 2496 tamen
814 2423 974 2498 inventio
999 2427 1058 2499 vel
1083 2427 1206 2524 potius
1232 2429 1271 2500 in

220 2540 398 2615 Graeciam
432 2539 652 2614 transvectio
683 2552 862 2638 quatenus
896 2543 940 2616 ab
974 2543 1138 2638 ipsorum
1173 2543 1272 2618 Grae·

219 2682 346 2732 corum
372 2657 502 2731 fabulis
532 2656 672 2754 aliquid
702 2657 869 2754 colligere
898 2659 984 2731 licet
1014 2659 1113 2732 haud
1147 2661 1273 2734 multis

220 2775 349 2849 seculis
374 2775 488 2871 ipsius
514 2800 634 2848 aevum
660 2776 864 2848 antecessit.
917 2774 1067 2848 Daedalo
1094 2782 1133 2849 et
1148 2778 1274 2874 nepoti

220 2893 297 2990 ejus
314 2893 387 2966 fere
405 2898 521 2966 totam
537 2892 711 2966 fabricam
729 2891 966 2966 materiariam
983 2917 1023 2965 se
1040 2894 1168 2967 debere
1185 2894 1274 2968 fate·

219 3011 354 3083 bantur
362 3007 383 3084 ¹.
436 3009 538 3082 Adeo
555 3008 625 3082 illae
642 3033 723 3106 quar
740 3009 877 3082 caeteris
895 3009 1021 3105 praeire
1045 3011 1162 3084 solent
1179 3021 1275 3086 artes

220 3128 363 3202 fabriles
380 3127 513 3201 inistis
531 3126 755 3224 temporibus
773 3126 925 3201 recentis
943 3127 1080 3202 notitiae
1098 3128 1257 3203 fuerunt.

271 3243 328 3316 Ex
345 3243 413 3317 hac
431 3250 553 3317 autem
571 3250 674 3341 parte
700 3243 805 3316 facile
825 3243 904 3340 jam
921 3242 959 3316 in
976 3244 1076 3317 illam
1094 3243 1276 3328 Quaestio·

224 3386 308 3435 nem
338 3362 550 3450 delabimur,
580 3388 660 3460 quae
690 3361 927 3436 Metallomm
954 3387 1061 3437 usum
1089 3374 1126 3436 et
1152 3363 1276 3437 inven-

224 3479 361 3552 tionem
381 3485 532 3577 spectat‚
552 3479 730 3552 difficilem
755 3479 854 3552 illam
871 3479 1030 3577 quidem,
1050 3479 1112 3552 sed
1130 3481 1278 3576 dignam

225 3619 305 3691 quae
331 3594 533 3667 accuratius
561 3592 808 3691 perpendatur
820 3627 829 3682 ;
861 3593 990 3667 misere
1017 3593 1114 3666 enim
1137 3595 1279 3668 laborat

224 3711 299 3783 vita
315 3710 476 3784 humana
489 3710 558 3784 hac
575 3735 644 3807 ope
658 3716 695 3783 et
712 3709 769 3783 his
787 3709 955 3784 subsidiis
969 3734 1106 3806 expers.
1144 3711 1279 3784 Metal·

224 3827 344 3901 lorum
362 3851 495 3924 genera
512 3833 550 3901 et
572 3827 721 3901 nomina
739 3826 815 3901 fere
831 3828 1002 3900 universa
1025 3828 1123 3924 apud
1141 3827 1278 3904 Home·

269 4061 335 4122 ‘JL
352 4079 380 4123 Ζ.
397 4089 452 4138 ²4¹2
468 4089 524 4137 ψ.
814 4059 900 4122 ¹013.
917 4075 946 4122 Ε.
963 4087 1024 4136 234,
1038 4058 1091 4125 &ei

266 4142 281 4181 ¹¹
296 4142 406 4214 Seras„
417 4145 435 4205 l.
446 4145 504 4218 ix.;
518 4147 660 4218 Paucum,
670 4143 691 4203 l.
702 4142 732 4202 ii.
815 4139 823 4180 ¹
843 4142 934 4202 Diod.
959 4143 1064 4213 Sicut,
1082 4143 1102 4208 l.
1121 4145 1159 4206 iv.
1182 4167 1208 4209 c.
1232 4159 1281 4224 πός

228 4242 253 4281 c.
270 4246 309 4294 ²5,
324 4223 344 4282 l.
358 4223 397 4282 ir.
413 4243 440 4283 c.
456 4235 497 4297 3⁶·
778 4223 869 4292 Pla„
883 4221 902 4283 l.
919 4223 966 4284 vii.
983 4245 1008 4284 o.
1025 4236 1064 4298 56.

267 4302 274 4340 ¹
289 4305 430 4371 Paucum,
444 4303 463 4362 l.
479 4306 518 4364 ix.
534 4322 559 4363 c.
573 4313 605 4376 3⁶
621 4306 652 4363 et
668 4315 709 4365 38.
