3058 4908
283 313 350 380 216
584 325 1042 376 aemmorronvonncrnr.

281 489 393 586 igitur
417 489 552 564 frustra
575 496 632 563 est
654 481 884 564 illud-Oios
905 481 971 562 νῦν
988 481 1125 585 βροτοί
1144 482 1338 565 eid-nec

280 631 369 680 vero
401 613 538 680 temere
572 609 834 704 usurpandum.
886 607 1012 704 Atque
1046 607 1116 681 bac
1150 608 1195 682 de
1229 633 1340 682 eausa

279 733 377 797 recte
401 723 601 796 Homerum
622 724 661 796 in
676 724 843 821 Trojanis
865 724 989 819 potius
1012 747 1123 821 quam
1148 723 1224 798 suis
1243 729 1337 798 tem-

280 839 430 938 poribus
461 841 592 914 versari
620 840 781 913 voluisse
808 839 986 913 arbitror:
1018 839 1057 912 in
1083 840 1211 936 paucis
1239 838 1337 914 enim

280 957 383 1046 locis,
411 957 570 1054 exempli
598 957 714 1053 gratia
742 956 808 1029 ubi
836 957 881 1029 de
905 957 1000 1029 ferro
1026 955 1231 1031 indurando
1241 964 1266 1046 ⁶,
1293 958 1339 1032 de

280 1074 465 1171 equitandi
489 1086 565 1148 arte
575 1071 595 1162 ¹,
615 1081 653 1148 et
671 1075 716 1147 de
739 1075 827 1147 tuba
849 1074 1002 1148 bellioa⁸
1017 1074 1192 1170 loquitur,
1210 1074 1256 1147 ad
1281 1099 1338 1148 re-

280 1195 442 1266 centiora
469 1202 633 1290 tempora
658 1193 766 1287 plane
793 1215 832 1264 se
861 1190 1045 1283 transfert,
1073 1214 1184 1288 quam
1212 1190 1274 1264 illa
1299 1191 1340 1266 in

282 1306 412 1404 quibus
430 1307 646 1404 plerumque
663 1308 744 1380 vult
761 1307 970 1380 consistere.

332 1425 495 1498 Tandem
517 1424 628 1521 igitur
645 1424 805 1520 suseepti
828 1423 948 1520 operis
970 1421 1123 1518 primam
1141 1422 1235 1497 banc
1255 1449 1339 1521 par-

281 1547 359 1614 tem
386 1543 600 1628 claudimus,
629 1542 691 1614 sed
722 1539 937 1637 priusquam
963 1562 1115 1612 manum
1140 1540 1186 1613 de
1213 1541 1340 1616 tabula

280 1660 388 1732 liceat
414 1659 504 1731 mihi
530 1683 573 1731 ea
595 1681 676 1755 quae
700 1656 936 1731 tractavimus
964 1658 1176 1730 summatim
1202 1656 1241 1730 in
1266 1682 1338 1731 me·

280 1774 432 1848 moriani
455 1774 560 1848 vobis
585 1798 763 1848 revocare.
818 1771 931 1858 Quod
955 1781 1074 1846 totam
1097 1773 1211 1870 igitur
1236 1774 1337 1848 Grae-

281 1887 401 1963 ciamh
425 1897 580 1987 spectat,
600 1891 638 1963 in
660 1889 807 1964 sedibus
832 1890 908 1962 suis
934 1891 1200 1987 conquiescere,
1223 1893 1337 1966 muris

280 2007 412 2105 oppida
436 2008 588 2098 munire,
613 2015 651 2083 et
674 2034 760 2106 opes
786 2033 995 2107 comparare
1020 2015 1220 2106 ooeperant,
1245 2011 1339 2083 miro

281 2125 435 2222 denique
464 2125 591 2198 ardore
617 2127 663 2198 ab
697 2125 834 2200 inculta
866 2133 976 2223 etque
1005 2126 1159 2199 erratica
1186 2127 1263 2200 vita
1291 2127 1337 2200 ad

280 2243 470 2316 ulteriores
504 2243 688 2340 profectus
722 2241 953 2330 festinabant,
985 2244 1156 2338 gentibus
1189 2243 1338 2341 quidem

282 2358 386 2432 divisi
410 2360 473 2432 sed
496 2360 683 2433 communi
706 2360 879 2454 religione
902 2367 941 2433 et
966 2360 1047 2432 aliis
1066 2359 1221 2434 vinculis
1243 2360 1339 2435 inter

282 2500 322 2549 se
339 2475 507 2549 devincti.
559 2475 732 2550 Privatim
750 2482 861 2570 atque
880 2475 920 2548 in
936 2475 1012 2550 suis
1033 2475 1241 2550 civitatibus
1264 2477 1337 2550 sin·

281 2593 376 2689 gulis
394 2593 581 2666 ordinibus
599 2617 665 2667 sua
683 2593 768 2690 jura
783 2591 859 2666 non
876 2592 1017 2690 scriptis
1034 2592 1180 2691 quidem
1196 2594 1338 2690 legibus

278 2710 345 2785 'sed
379 2709 566 2784 communi
598 2735 779 2784 consensu
813 2710 1065 2784 tribuebantur
1074 2708 1095 2799 ¹,
1126 2721 1339 2785 mercaturae

281 2834 320 2901 et
339 2827 393 2900 rei
415 2825 580 2900 militaris
606 2825 763 2901 scientiae
782 2827 860 2924 jam
876 2826 992 2924 prima
1008 2827 1087 2901 vice
1109 2839 1258 2924 operam
1275 2828 1339 2900 da·

281 2945 382 3033 bant,
401 2946 490 3042 quin
513 2954 551 3018 et
572 2943 610 3018 in
635 2945 784 3041 privatis
802 2945 854 3017 rei
875 2945 1085 3018 domestice
1109 2945 1339 3019 commerciis

283 3061 539 3141 suboriebatur
567 3064 688 3136 cultus
715 3060 850 3159 aliquid
884 3068 995 3158 abque
1023 3062 1222 3136 affectuum
1248 3061 1338 3136 isto-

280 3201 365 3249 rum
388 3177 451 3274 qui
476 3176 589 3251 vitam
618 3177 869 3253 humaniorem
894 3175 1079 3252 reddunt¹1
1091 3211 1100 3266 ;
1131 3203 1250 3276 neque
1275 3179 1338 3252 de-

281 3302 386 3366 erant
407 3294 680 3370 consuetudinis
706 3295 812 3369 istius
839 3300 877 3367 et
901 3293 1096 3392 disciplinae
1121 3319 1194 3391 qua
1215 3319 1338 3370 renen-

281 3409 355 3483 tior
382 3409 506 3484 Graeoa
532 3410 571 3485 in
591 3419 738 3485 tantum
766 3411 936 3485 inclaruit
959 3409 1123 3508 vestigia.
1175 3411 1339 3509 Agricul-

280 3534 373 3602 turae
396 3528 507 3602 etiam
527 3535 565 3602 et
592 3529 731 3604 caeteris
756 3529 975 3604 mechanicis
1001 3553 1091 3626 quas
1119 3539 1254 3604 vocant
1279 3553 1338 3603 ar-

282 3645 380 3719 tibus
414 3646 493 3742 pari
527 3644 649 3718 animo
683 3646 894 3734 studebant,
923 3645 987 3718 sed
1014 3645 1185 3719 mediocri
1218 3646 1339 3720 adhuc

160 3829 162 3836 .
281 3762 449 3860 prosectu
458 3757 476 3834 ¹.
530 3761 740 3860 Sequuntur
757 3769 852 3836 artes
869 3761 1113 3835 humaniores.
1148 3761 1236 3836 Jam
1251 3788 1339 3836 vem

282 3876 430 3952 Possios
453 3900 622 3973 magnum
646 3886 723 3951 erat
745 3901 879 3951 nomen
902 3886 940 3949 et
962 3875 1122 3974 vulgaris
1144 3902 1247 3965 usus,
1274 3879 1339 3952 sed

280 3993 434 4090 legitimi
459 3993 640 4068 Poematis
664 3999 750 4067 ante
775 3993 982 4068 Homerum
1006 3995 1109 4066 nulla
1133 3992 1337 4091 suspicio¹.

321 4200 335 4230 ·
358 4189 458 4268 Odyss.
474 4202 496 4249 1.
513 4206 579 4264 39¹·
719 4187 731 4228 ¹
748 4188 793 4248 ΙΙ.
809 4203 840 4280 o.
856 4189 925 4267 ⁶79·
1057 4199 1070 4234 Ι
1090 4187 1170 4250 Ibid.
1185 4203 1214 4282 a.
1230 4208 1298 4270 ²¹9·

323 4267 609 4420 immiti-⁸5³⁸.
754 4267 856 4328 ¹1b1d.
872 4265 926 4346 3²¹¹.
986 4356 1005 4381 Ι
1025 4345 1104 4408 Μ·
1122 4267 1234 4429 :albin
1248 4283 1296 4346 4¹⁸.
