3096 4886
423 279 775 333 ranunculorum
800 279 866 328 ιιι
874 279 1058 332 causamn
1235 269 1274 338 11

215 455 261 506 ex
278 453 379 504 mera
395 427 564 526 opinione
582 427 683 502 nullo
700 426 864 503 adhibito
876 428 1016 526 judicio
1030 431 1075 508 de
1093 433 1149 510 his
1166 439 1276 516 rebus

215 547 436 622 sententiam
451 545 554 618 ferre.
589 542 729 618 Verum
742 553 810 634 est,
830 546 1047 643 quibusdam
1064 551 1274 632 hominibus

216 689 264 740 ex
292 663 372 762 ipsa
401 669 533 736 natura
559 659 745 756 ingenium
776 662 956 754 solertius,
984 673 1020 739 et
1047 667 1147 743 illius
1177 674 1276 768 quod

216 781 413 880 pulchmm
447 783 568 853 estet
601 779 745 873 elegans
771 801 921 853 sensum
950 781 1144 860 certiorem
1174 788 1275 864 daris

218 899 283 972 sed
316 903 448 972 natura
481 893 590 968 nullis
630 893 801 968 subsidiis
839 895 964 992 adjuta
995 923 1128 996 parum
1166 905 1273 980 valet.

219 1015 326 1112 Opus
352 1014 435 1102 erit,
460 1018 503 1086 ut
527 1011 667 1107 ingenii
691 1009 768 1085 vim
791 1011 938 1086 insitam
963 1015 1136 1092 continua
1161 1021 1275 1094 medi·

218 1132 356 1208 mtione
382 1137 420 1205 et
446 1129 669 1227 optimorum
692 1128 908 1226 scriptorum
932 1131 1084 1206 lectione
1110 1159 1274 1212 exercea-

218 1275 302 1326 mus
318 1261 357 1325 et
372 1250 411 1323 in
428 1250 557 1324 melius
579 1271 881 1345 promoveamus3
909 1272 1003 1348 opus
1026 1252 1107 1342 erit,
1132 1265 1176 1329 ut
1199 1255 1277 1329 ani·

219 1391 322 1440 mum
339 1363 507 1439 severiori
523 1362 755 1461 philosophia
776 1373 813 1437 et
837 1361 1067 1439 scientiarum
1088 1369 1275 1465 praeceptis

219 1489 395 1578 tanquam
418 1481 494 1554 suis
516 1479 599 1552 telis
621 1478 857 1554 instruamus.
910 1479 969 1554 Ita
988 1481 1137 1557 demum
1161 1486 1276 1560 menti

218 1605 399 1674 accrescet
415 1597 563 1673 habitus
580 1597 728 1695 quidam
745 1603 783 1670 et
799 1597 964 1688 facultas,
984 1623 1067 1697 qua,
1086 1607 1164 1676 tam
1180 1603 1220 1676 in
1236 1627 1276 1678 re

220 1717 362 1815 poetica
386 1739 497 1815 quam
524 1715 563 1789 in
591 1714 693 1788 omni
719 1715 806 1803 vita,
836 1715 927 1791 illud
953 1718 1052 1816 quod
1076 1721 1277 1816 pulchrum

217 1844 329 1908 estet
347 1834 518 1908 decorum
535 1831 674 1906 facilius
693 1831 902 1927 dignoscam
929 1836 1020 1908 adeo
1036 1847 1079 1910 ut
1097 1837 1275 1914 hactenns

219 1950 366 2048 quidem
392 1973 437 2023 ex
454 1947 624 2046 opinione
647 1954 685 2022 et
707 1950 897 2046 voluptate
913 1953 1088 2028 auditoris
1106 1965 1204 2030 recte
1222 1955 1275 2028 di-

214 2077 400 2178 judicetur
414 2076 536 2172 poesis
545 2069 826 2172 1ἐ---Συγχιοριΐι
842 2063 950 2168 δὴ
907 2103 996 2172 τογε
1015 2079 1202 2153 τοσοῦτον
1213 2074 1275 2152 καὶ

219 2196 293 2304 ἐγὼ
322 2204 398 2283 τοῖς
425 2203 596 2294 πολλοῖς,
618 2193 764 2276 δεῖν
722 2231 792 2297 την
818 2194 1005 2300 μουσικὴν
1020 2199 1135 2306 ἡδονῇ
1154 2202 1273 2305 κρίνε-

212 2329 322 2421 ισθαι,
343 2317 396 2424 μὴ
421 2321 549 2424 μέντοι
571 2326 645 2402 τῶυ
660 2355 705 2424 γε
723 2319 982 2428 ἐπιτυχόντων
1014 2322 1116 2406 ἀλλὰ
1133 2322 1276 2430 σχεδὸν

213 2454 362 2555 ’ἐκείνου
391 2445 483 2533 εἶναι
510 2449 663 2554 μοῦσου
691 2452 965 2554 καλλίστην,”
938 2487 1017 2554 ητις
1040 2487 1126 2539 τους
1145 2455 1274 2552 βελτί-

220 2618 335 2667 στους
360 2585 422 2664 καὶ
451 2586 582 2667 ἱκανῶς
597 2579 910 2681 πεπαιδευμένους
932 2583 1069 2688 τέρπει·
1103 2581 1276 2684 μάλιστα

221 2709 261 2792 δὲ
280 2712 368 2797 εἴτις
387 2713 452 2792 ἕνα
471 2706 537 2792 riv
556 2710 668 2816 ἀρειῇ
688 2745 728 2790 τε
748 2713 808 2790 καὶ
827 2712 974 2818 παιδείᾳ
994 2711 1233 2820 διαφέροντα.

270 2845 358 2920 Haec
387 2846 461 2919 sere
487 2853 574 2918 sunt
597 2868 677 2940 quae
703 2845 748 2916 de
773 2842 879 2916 Pocsi
904 2850 941 2916 et
967 2845 1012 2917 de
1037 2853 1114 2918 arte
1141 2845 1276 2921 Critica

219 2963 471 3061 premittenda
486 2959 632 3048 censui3
660 2984 774 3057 pauca
791 2984 877 3034 sane
893 2967 931 3034 ct
948 2961 1055 3036 exilia
1070 2986 1136 3060 pro
1155 2987 1276 3037 rerum

219 3079 383 3177 ipsarum
399 3075 661 3175 magnitudine,
680 3077 743 3149 sed
760 3101 846 3149 cum
869 3077 915 3150 ad
936 3077 1014 3149 haec
1037 3078 1110 3150 fere
1134 3103 1277 3174 semper

219 3195 474 3270 revertendum
497 3194 577 3283 erit,
596 3218 642 3266 ex
664 3213 736 3267 usu
752 3192 829 3267 fore
854 3191 989 3267 credidi
1012 3203 1177 3268 veterum
1194 3194 1275 3291 phi-

207 3313 458 3410 ¹losophorum
484 3309 673 3408 opiniones
700 3309 745 3382 de
768 3309 826 3383 his
849 3309 956 3382 rebus
979 3312 1037 3383 vel
1062 3309 1101 3382 in
1129 3311 1208 3407 ipso
1234 3310 1276 3383 li-

219 3430 318 3502 mine
335 3427 560 3525 aliquatenus
578 3432 743 3501 excutere
761 3435 797 3500 et
813 3427 851 3499 in
868 3428 989 3500 lucem
1012 3428 1181 3524 prolerre.
1237 3427 1276 3501 Si

221 3545 318 3620 enim
343 3547 465 3619 minus
489 3543 688 3619 honorifice
715 3544 760 3616 de
786 3549 975 3642 poetamm
1000 3543 1170 3642 operibus
1193 3570 1276 3619 sen·

220 3661 367 3748 tiamne,
393 3661 432 3734 in
456 3660 547 3735 vitio
577 3685 655 3734 esse
688 3660 843 3735 arbitror
868 3685 910 3734 ea
937 3686 1017 3758 quoe
1043 3661 1178 3758 passim
1207 3661 1276 3734 cir·

206 3779 470 3880 ‚conferuntur
495 3779 689 3877 depravata
716 3777 995 3853 Nectaricorum
1020 3785 1213 3875 poctarum
1238 3789 1276 3852 et

220 3877 439 3972 Criticorum
467 3895 612 3994 scripta.
667 3893 743 3982 Qui
768 3897 806 3968 in
833 3895 970 3969 Graecis
996 3895 1110 3968 literis
1144 3898 1277 3971 versati

219 4022 306 4090 sunt
328 4039 405 4089 non
426 4021 576 4112 gravate
601 4023 799 4113 agnoscent
816 4011 944 4110 poesin
960 4011 1089 4111 ipsam,
1109 4013 1206 4112 quod
1225 4015 1277 4088 rei

219 4137 387 4206 natmam
400 4141 437 4207 et
450 4157 556 4208 usum
569 4131 714 4222 attinet,
727 4129 959 4205 scientiarum
972 4132 1064 4206 nulli
1077 4131 1274 4207 secundam

574 4309 588 4350 h
610 4311 692 4374 Plat.
708 4311 745 4374 de
758 4309 839 4392 Lep„
853 4309 874 4371 l.
890 4337 914 4373 ε.
