3058 4908
300 303 367 369 270
574 313 785 364 rnacacrro
803 309 1076 363 uncturam.

349 465 435 539 Jam
460 489 547 540 vero
573 465 659 540 binc
686 466 812 540 statim
838 463 952 562 liquet
974 463 1052 561 pari
1074 461 1213 536 ratione
1236 461 1352 534 totins

300 583 437 658 reditus
462 583 603 680 Ulyssis
628 583 776 681 plenam
801 581 1043 655 narrationem
1067 579 1271 653 Homerum
1296 601 1352 652 rc-

300 701 468 799 pudiasse
485 726 528 774 ac
543 703 658 774 totius
674 700 823 796 Trojani
839 700 926 773 belli
945 699 1084 772 seriem.
1136 695 1221 770 Hoc
1242 695 1354 770 etiam

300 839 556 929 argumentum
579 832 691 906 nimia
716 857 783 906 sua
807 832 904 904 mole
924 817 1261 904 laborasset->uda
1286 815 1352 920 μέ·

300 987 371 1054 γας
400 956 462 1032 καὶ
489 953 556 1033 οὐκ
589 950 817 1038 εὐσύνοπτος
847 952 1006 1052 ἔμελλεν
1032 950 1190 1032 ἔσεσθαι
1200 947 1221 1032 ¹.
1274 959 1352 1032 Ha·

300 1079 439 1153 buisset
467 1081 578 1153 etiam
608 1087 729 1177 partes
757 1079 935 1177 quasdam
964 1077 1111 1173 frigidas
1137 1089 1174 1151 et
1204 1083 1352 1150 moratae

299 1195 465 1270 Actionis
495 1206 671 1294 expertes.
723 1195 863 1270 Iterum
893 1197 1108 1292 particulam
1135 1194 1287 1292 periculi
1314 1201 1353 1268 et

301 1314 507 1390 certaminis
534 1318 680 1413 plenam
704 1313 918 1412 desumpsit,
943 1315 1064 1411 ipsum
1095 1313 1233 1388 scilicet
1257 1321 1351 1386 tem-

301 1433 401 1529 poris
430 1435 621 1506 articulum
653 1458 726 1531 quo
757 1431 909 1530 Ulysses
942 1435 1097 1528 patriam
1130 1439 1169 1505 et
1201 1432 1353 1504 domum

302 1574 408 1625 suam
438 1551 646 1648 repetebat,
681 1559 790 1646 atque
819 1574 863 1623 ea
892 1556 1121 1646 tempestate,
1152 1549 1216 1623 ubi
1241 1549 1352 1646 Regis

300 1668 501 1743 authoritas
524 1692 598 1741 non
623 1665 693 1741 nisi
719 1666 889 1764 opinione
914 1675 952 1741 et
980 1668 1181 1742 reverentia
1203 1693 1351 1742 suorum

301 1787 414 1874 stetit,
444 1786 507 1859 ubi
540 1795 597 1859 tot
626 1811 791 1883 proceres
825 1786 1014 1860 nobilitate
1051 1793 1088 1859 et
1117 1785 1252 1859 virtute
1285 1810 1353 1860 sua

299 1903 436 1978 feroces
453 1903 544 1977 solio
568 1903 790 1978 adsistebant
815 1914 852 1977 et
876 1902 1077 2000 principem
1094 1927 1202 1977 suum
1229 1904 1350 1978 obser-

299 2021 445 2108 vabant,
474 2021 512 2094 in
540 2027 617 2093 tam
648 2020 788 2095 diutina
817 2021 895 2118 ejus
930 2021 1091 2094 absentia
1118 2021 1351 2118 languescere

300 2138 469 2211 credibile
484 2145 562 2212 erat
579 2138 680 2233 regni
698 2139 934 2236 majestatem,
954 2145 992 2211 et
1009 2137 1163 2212 suboriri
1180 2163 1350 2236 magnam

300 2279 490 2351 procerum
507 2254 602 2328 inter
619 2279 658 2328 se
674 2255 981 2330 concertationem
993 2285 1055 2328 :—

574 2445 614 2455 -
627 2417 758 2488 βασιλῆες
771 2415 885 2490 Ἀχαιῶν
898 2415 952 2472 εἶσὶ
965 2417 1007 2472 mi
1019 2417 1098 2472 ἅλλα

459 2515 564 2568 Πολλοὶ
577 2514 606 2568 r'r
618 2514 744 2589 dpdtc'lqt
758 2514 855 2584 Ἰθάκῃ,
870 2517 922 2570 rc'cr
935 2513 981 2585 ἠδὲ
993 2517 1110 2580 παλαιοὶ,

457 2616 514 2666 Trio
526 2611 571 2665 κέν
581 2633 621 2669 τις
633 2609 688 2667 τόδ’
702 2613 805 2684 ἔχῃσιν,
818 2613 875 2668 terei
888 2612 949 2668 dein
963 2613 1018 2670 dior
1031 2609 1208 2670 'otvcmdct

301 2754 359 2827 Illi
385 2754 575 2854 adeoquo
601 2755 775 2852 majorem
805 2755 1062 2830 authoritatem
1089 2757 1248 2830 consiliis
1275 2758 1350 2832 suis

300 2870 550 2958 adsciscerent,
585 2875 822 2960 tumultuose,
868 2883 978 2971 prout
1010 2899 1092 2948 mos
1132 2880 1222 2962 erat,
1258 2875 1350 2972 regis

301 3013 452 3062 uxorem
481 2989 711 3064 matrimonio
746 2991 930 3088 petebant,
963 3001 999 3064 et
1029 3003 1149 3088 spreta
1178 2992 1243 3064 filii
1272 2993 1351 3090 ejus

296 3104 491 3201 juventute
516 3109 697 3202 palamst
721 3107 875 3204 superbe
895 3109 994 3181 illam
1019 3109 1226 3184 ambiebant
1250 3117 1289 3183 et
1312 3110 1351 3182 in

301 3222 390 3319 ipsis
419 3224 560 3320 palatiis
586 3225 892 3299 commissabundi
920 3225 1132 3312 insidebant,
1159 3251 1277 3325 neque
1301 3229 1351 3301 fa·

300 3339 369 3412 cile
395 3339 510 3437 ipsius
537 3340 655 3414 reditu
682 3341 721 3414 hi
748 3343 931 3415 tumultus
957 3341 1207 3439 compescendi
1233 3353 1348 3418 erant.

302 3455 377 3530 Sua
393 3457 516 3555 itaque
534 3464 664 3555 sponte
682 3458 759 3532 haec
777 3459 900 3533 sabula
925 3459 1047 3532 civiles
1071 3465 1194 3534 motus
1211 3471 1248 3534 et
1265 3486 1351 3536 con·

300 3577 516 3648 certationes
535 3575 698 3648 Heroicae
716 3577 834 3649 artatis
851 3577 1025 3674 capiebat.

352 3691 447 3765 Illud
464 3694 574 3766 etiam
584 3692 709 3765 statim
722 3693 846 3791 liquet,
861 3703 1118 3790 argumentum
1133 3693 1247 3768 hocce
1260 3697 1352 3770 duas

299 3832 357 3882 res
387 3809 588 3906 complecti,
621 3834 701 3906 quae
731 3835 753 3884 a
782 3834 821 3883 se
855 3811 1011 3885 invicem
1042 3811 1248 3907 regionibus
1278 3811 1352 3888 dis-

295 3926 433 4023 junctae
453 3937 568 4014 erant,
587 3928 715 4001 eodem
738 3935 861 4001 autem
884 3933 1048 4025 ternpore
1073 3929 1349 4027 peragebantur,

299 4042 384 4116 hinc
400 4043 500 4139 regni
517 4050 554 4118 et
571 4044 715 4118 familiae
733 4043 876 4142 Ulyssis
900 4043 937 4118 in
955 4044 1081 4120 Ithaca
1098 4053 1246 4132 statum,
1265 4048 1351 4122 hino

300 4158 414 4255 ipsius
440 4160 603 4234 fortunas
634 4166 671 4233 et
703 4163 856 4250 labores,
887 4187 967 4259 quae
999 4169 1123 4236 tamen
1156 4187 1348 4261 progressu

370 4353 386 4402 «¹
407 4359 534 4417 Arirtoa
548 4357 645 4430 Poet,
660 4379 687 4418 c.
705 4379 752 4436 23.
1000 4359 1014 4398 ¹¹
1038 4361 1137 4441 Odys.
1153 4377 1185 4424 n.
1202 4381 1268 4441 393.
