3094 4898
285 336 350 399 134
616 339 832 403 rfflnncrro
856 339 1006 390 cornua

281 493 460 591 praecipue
474 491 803 572 accommodatam
823 489 911 561 illud
924 493 1083 578 constat,
1098 513 1173 563 non
1184 488 1343 564 defuisse

283 620 475 707 utramque
501 608 829 681 instrumentorum
854 605 1034 702 speciem·
1050 629 1169 704 neque
1199 605 1340 695 tibiam,

282 751 362 824 quae
388 726 520 822 spiritu
544 723 705 809 inflatur,
727 745 845 818 neque
871 721 1063 810 citharam,
1090 747 1171 820 quae
1195 722 1343 796 chordis

282 849 446 930 constat;
488 867 534 916 ex
564 841 696 939 quibus
725 840 815 937 ipsis
844 839 1098 916 instrumentis
1129 840 1343 916 Graecorum

284 961 429 1036 Musica
450 962 489 1032 in
512 960 649 1056 species
673 983 758 1034 suus
782 957 898 1031 divisa
922 964 991 1046 est,
1011 981 1167 1055 quarum
1190 960 1342 1031 alteram

284 1076 489 1182 αὐλητικὴν
504 1089 695 1174 vocabunt,
716 1088 864 1161 alterum
883 1073 1154 1183 κιθαριστικὴν.

334 1206 405 1278 Ars
420 1205 588 1290 Pictura,
602 1229 682 1301 quae
694 1228 778 1276 vere
791 1205 844 1276 ita
856 1204 999 1290 dicitur,
1015 1205 1159 1300 qualem
1177 1204 1340 1299 Apelles,

285 1321 419 1423 Zeuxis
444 1328 482 1393 et
508 1321 735 1418 Polygnotus
761 1320 989 1408 exercebant,
1017 1327 1158 1418 tantam
1184 1319 1343 1417 antiqui·

285 1452 397 1514 tatem
423 1465 498 1513 non
524 1438 681 1535 attingit.
736 1439 920 1511 Homerus
946 1444 1042 1512 certe
1068 1439 1114 1511 de
1138 1438 1201 1511 illa
1222 1440 1340 1512 altum

285 1557 419 1653 ubique
440 1555 625 1630 silentium
648 1554 748 1651 agit;
774 1560 813 1627 et
836 1555 881 1627 de
902 1554 965 1628 illa
989 1556 1135 1651 quidem
1159 1565 1249 1642 arte,
1271 1579 1342 1651 qua

287 1675 387 1745 nullu
409 1674 460 1746 rei
485 1673 642 1746 Poeticae
665 1671 813 1769 propior
836 1682 910 1759 est,'
929 1695 1002 1768 qua
1027 1674 1128 1746 nulla
1155 1673 1342 1757 illustrior,

286 1813 403 1886 neque
419 1814 461 1862 ea
479 1790 631 1862 materia
647 1813 728 1885 quae
742 1787 1045 1884 descriptionibus
1058 1789 1215 1862 Poeticis
1232 1787 1342 1863 inser·

286 1906 360 1979 viat
378 1906 541 1989 uberior;
569 1930 720 1978 nevero
738 1904 859 1979 minus
880 1907 1028 1978 firmum
1045 1907 1213 1986 videatur
1236 1929 1342 2000 argu·

287 2030 453 2097 mentum
482 2047 527 2096 ex
558 2021 742 2120 scriptoris
773 2023 926 2118 alicujus
956 2021 1101 2096 silentio
1131 2023 1342 2108 deductum,

287 2140 393 2213 Plinii
420 2140 674 2212 auctoritatem
696 2139 875 2234 adjiciam,
896 2139 959 2236 qui
980 2139 1080 2212 illam
1105 2137 1229 2212 Iliacis
1252 2150 1344 2212 tem-

289 2257 438 2352 poribus
473 2255 611 2329 nullam
645 2256 756 2328 fixisse
790 2265 968 2328 memorat
978 2263 1000 2341 ¹,
1029 2257 1117 2351 quin
1151 2263 1190 2328 et
1223 2263 1346 2352 spreta

288 2371 551 2468 AEgyptiorum
567 2397 661 2445 vana
678 2366 943 2470 praedicatione,
961 2397 1071 2468 quam
1089 2382 1208 2459 vocat,
1227 2383 1345 2445 artem

290 2488 426 2561 hancce
447 2489 492 2562 ab
516 2488 646 2562 Ardice
672 2487 861 2561 Corinthio
884 2497 923 2561 et
943 2488 1152 2585 Telephane
1175 2488 1346 2584 Sicyonio

289 2605 474 2678 inventam
497 2605 608 2679 fuisse
631 2606 683 2678 ait
695 2638 704 2693 ;
730 2604 1000 2702 Cleophantum
1017 2605 1249 2680 Corinthium
1268 2631 1346 2680 om·

291 2721 394 2794 nium
411 2722 570 2817 primum
588 2723 698 2817 opera
715 2745 781 2794 sua
799 2723 979 2796 coloribus
1005 2723 1189 2795 imbuisse.
1241 2719 1347 2796 Vixit

292 2846 416 2910 autem
457 2839 708 2936 Cleophantus
749 2838 908 2936 Cypselo
943 2839 1112 2913 Corinthi
1145 2849 1346 2934 regnante;

292 2956 420 3028 eodem
436 2956 511 3029 fere
528 2963 707 3054 tempore,
722 2982 795 3052 quo
812 2956 1031 3031 Demaratus
1047 2956 1235 3054 Tarquinii
1254 2957 1349 3052 regis

292 3077 395 3166 pater
411 3072 449 3143 in
467 3072 609 3145 ltaliam
626 3074 801 3170 profugit.
854 3073 944 3148 Haec
961 3075 1085 3171 itaque
1103 3075 1175 3148 Ars
1193 3099 1240 3146 ne
1251 3074 1349 3147 suma

294 3186 441 3284 quidem
470 3189 516 3260 ad
546 3189 703 3264 Heroica
730 3199 897 3288 tempora
926 3193 1125 3288 pertingit3
1164 3216 1231 3265 nec
1248 3216 1349 3263 .vero

295 3303 437 3376 Ardicis
454 3315 491 3378 et
508 3305 723 3403 Telephanis
740 3309 889 3382 inventa
913 3310 1021 3404 digna
1044 3309 1192 3382 suntin
1215 3307 1349 3405 quibus

295 3421 441 3509 haereas
461 3425 593 3520 quibus
610 3426 746 3500 scilicet
764 3453 843 3501 mos
864 3439 942 3501 emt
964 3453 1089 3502 earum
1112 3452 1235 3500 rerum
1258 3452 1350 3523 quas

294 3537 486 3634 pingerent
516 3541 664 3614 nomina
697 3543 899 3617 adscribere
909 3544 931 3632 ἢ
964 3569 1055 3641 quos
1090 3557 1215 3617 tamen
1249 3544 1351 3640 ipsos

297 3656 516 3754 Cleophanti
539 3665 683 3731 aetatem
707 3683 781 3732 non
806 3685 941 3757 magno
967 3661 1158 3734 intervallo
1186 3668 1349 3734 anteces-

298 3775 386 3848 sisse
411 3801 456 3849 ex
478 3775 585 3848 Plinii
608 3778 725 3850 verbis
749 3780 917 3874 colligere
942 3780 1038 3852 licet.
1092 3780 1350 3877 Imperfectum

298 3903 420 3966 autem
452 3893 560 3967 fuisse
592 3903 678 3966 ante
712 3893 878 3967 Phidiam
913 3895 1066 3991 picturae
1099 3903 1215 3970 artem
1249 3905 1352 3994 patet

299 4010 426 4082 eodem
445 4010 562 4084 Plinio
581 4017 673 4085 teste
684 4018 709 4083 ¹².
1111 4007 1114 4015 ⁸

342 4239 351 4260 ¹
373 4231 456 4288 Plirr.
474 4231 553 4290 nac
575 4234 661 4302 Nat,
676 4233 695 4292 l.
712 4253 795 4292 xxxv.
888 4235 896 4266 ¹
916 4234 1066 4302 AE'lionm.
1082 4235 1102 4294 l.
1118 4255 1145 4295 x.
1160 4255 1186 4296 o.
1207 4257 1250 4296 ro.

300 4329 325 4368 c.
344 4327 369 4382 3.
889 4321 901 4344 ⁸¹
922 4314 1008 4373 Plio.
1025 4316 1106 4374 Hier.
1124 4317 1354 4384 Nat.‚1.xuvi.
