3058 4908
457 341 668 392 rnnnacmo
688 342 984 405 necrus-comm.
1187 337 1251 400 253

194 501 288 579 sent,
308 513 373 564 seu
398 487 546 562 absente
563 489 706 564 Achille
732 491 942 566 audaciores
969 492 1056 566 facti
1082 491 1248 583 fuissent,

194 610 339 683 ordines
366 611 494 681 contra
515 608 688 696 educunt,
708 616 818 704 atque
841 608 932 682 adeo
957 633 1051 706 opus
1077 633 1126 683 ex
1150 612 1251 684 omni

195 735 298 823 parte
325 726 442 798 servet
470 730 509 796 et
538 725 723 799 suboritur
751 750 882 822 magna
907 725 1013 800 istius
1044 726 1250 801 certaminis

195 843 399 939 expectatio
429 841 474 914 de
502 865 574 939 qua
600 840 855 937 Agamemnon
885 844 1040 940 graviter
1067 849 1105 917 et
1132 845 1251 917 solen-

195 959 365 1032 ΜΡ

348 1109 399 1168 Ὧι
410 1133 442 1184 γε
454 1113 607 1182 πανημέριοι
622 1114 741 1186 στυγερῷ
754 1109 889 1184 κρινώμεθ’
903 1113 971 1185 ἄρηϊ,

357 1207 394 1262 Οὐ
407 1209 458 1280 γὰρ
471 1206 600 1276 παυσωλή
615 1229 647 1280 γε
660 1209 826 1276 μετέσσεται,
840 1209 893 1264 αὖθ’
908 1207 1010 1279 ήβαιόν,

356 1303 389 1358 Ei
400 1304 436 1374 μή
463 1303 510 1372 νὺξ
524 1303 643 1360 ε’λθαῦσα
656 1305 794 1375 διακρινέει
807 1305 882 1374 μένας
896 1305 1003 1376 ἀνδρῶν.

352 1399 469 1472 Ἱθρῶσει
483 1398 530 1469 μίν
542 1422 587 1454 τευ
600 1402 719 1470 τελαμὼν
732 1401 801 1473 ἀμφὶ
814 1400 963 1471 στήθεσσιν

352 1494 479 1554 ’Λαπίθας
492 1497 669 1568 ἀμφιβρότης,
682 1499 742 1569 περὶ
756 1497 780 1552 δ’
794 1498 867 1570 ἔγχεϊ
880 1501 955 1570 χιῖρα
969 1499 1093 1566 καμεῖται,

352 1594 471 1668 Ἰθρῶσιι
486 1597 514 1652 δι’
528 1619 573 1650 τευ
586 1593 665 1654 imos
679 1563 770 1665 iifhor
783 1597 851 1669 θρμα
865 1596 983 1652 τιταίνων
990 1591 1015 1650 ¹¹.

248 1738 326 1812 Nec
352 1764 438 1812 vero
466 1764 541 1812 non
571 1740 776 1835 frequenter
803 1763 869 1813 nos
903 1746 1028 1812 monet
1057 1738 1170 1813 Poeta
1203 1764 1248 1812 ex

194 1849 303 1929 'unico
340 1856 482 1929 Achille
522 1862 642 1929 totam
681 1879 891 1953 compagem
931 1856 1097 1952 pendere.
1151 1855 1250 1930 Hinc

194 1971 377 2048 Thersites
392 1995 454 2044 2-

347 2137 399 2198 ‘Os
412 2142 454 2195 καὶ
467 2127 512 2195 νῦν
522 2139 635 2212 Ἀχιλῆα
649 2139 677 2194 ἕο
690 2139 748 2212 μέγ’
762 2139 881 2210 ἀμείνονα
895 2143 982 2212 φῶτα,

353 2231 521 2309 Ἠτὶμήσεν1·

195 2380 294 2454 Hinc
310 2379 444 2453 Nireus
461 2376 730 2477 pulchritudine
748 2403 822 2453 uno
839 2378 960 2453 Pelide
978 2377 1097 2453 minor
1112 2385 1169 2454 est
1185 2369 1247 2452 ι’·-

356 2556 414 2606 Τῶν
428 2551 518 2606 ἄλλων
531 2555 638 2605 Δαναῶν
650 2548 704 2619 μετ’
720 2548 836 2619 ἀμύμονα
850 2549 1028 2617 uncturam.

193 2695 293 2768 Hinc
317 2693 355 2767 in
382 2693 560 2792 Catalogo
585 2693 860 2790 Myrmidonum
886 2700 925 2766 et
949 2691 1066 2790 ipsius
1092 2691 1245 2766 Achillis

193 2823 231 2886 et
255 2836 433 2909 equorum
459 2811 535 2906 ejus
561 2835 636 2883 non
662 2811 816 2906 simplex
843 2834 961 2906 neque
984 2808 1143 2904 vulgaris
1168 2810 1248 2882 laus

193 2935 261 3004 est.
314 2930 394 3003 Nec
411 2953 498 3003 vero
522 2926 560 3000 in
578 2927 647 3002 hoc
665 2933 810 3000 tantum
830 2928 922 2999 libro
946 2927 1010 3000 sed
1027 2927 1113 2999 alibi
1138 2925 1248 2999 etiam

192 3047 270 3120 haeo
294 3047 587 3143 interponuntur,
616 3043 752 3120 scilicet
778 3069 823 3117 ne
850 3069 1012 3142 unquam
1038 3043 1132 3117 absit
1154 3043 1247 3118 Lec-

157 3231 161 3238 .
191 3164 281 3242 toris
306 3162 428 3236 animo
456 3163 615 3235 Achilles
647 3185 839 3235 commune
869 3162 982 3236 totius
1011 3160 1144 3235 Iliados
1171 3159 1249 3233 vin·

193 3282 393 3355 wm-

429 3459 470 3469 -
482 3430 550 3501 τθχα
564 3426 588 3484 θ’
603 3428 784 3499 ἀνστήσεσθαι
797 3432 908 3501 ἔμελλεν
916 3435 938 3484 ¹¹.

241 3587 283 3660 L.
303 3589 337 3660 3.
364 3587 451 3660 Jum
467 3611 553 3660 vero
578 3588 617 3660 in
641 3587 722 3685 ipso
745 3589 897 3662 articulo
923 3612 1055 3686 pugnae
1081 3589 1247 3661 commit·

190 3706 309 3778 tendae
335 3704 495 3780 Menelai
523 3709 629 3781 ardor
654 3733 727 3806 quo
753 3709 800 3782 ad
828 3708 1071 3783 ulciscendum
1099 3708 1248 3806 injuria·

189 3845 273 3893 rum
291 3844 440 3894 suarum
454 3823 645 3897 authorem
658 3824 818 3911 effertur,
834 3832 871 3895 et
884 3822 1020 3896 Paridis
1038 3822 1248 3919 provocatio

188 3938 235 4011 ad
260 3961 368 4034 quam
393 3937 565 4011 Hectoris
590 3939 841 4034 objurgatione
868 3939 1079 4036 impellitur,
1099 3963 1242 4012 moram

186 4055 552 4153 injicit—apparatus
578 4057 787 4129 certaminis
813 4057 966 4152 hujusce
993 4056 1183 4151 singularis
1210 4066 1248 4130 et

186 4183 370 4246 certamen
392 4171 515 4269 ipsum
540 4172 689 4248 tertium
707 4173 857 4248 Librum
877 4175 1071 4270 complent.
1125 4172 1247 4272 Atque

230 4349 1204 4444 'Mwstfflmfflfflmflfflm
