3096 4886
431 315 645 366 rmnacrro
667 315 785 371 PRIMA
810 317 1068 370 mauounanra
1258 304 1278 366 b

224 473 262 537 et
292 465 511 563 procedendi
540 465 631 540 ratio
660 464 852 563 Analyticc
881 467 1280 566 investigentur-dein

224 582 311 655 artis
341 591 523 679 precepta
549 589 587 656 et
612 582 854 656 Theoremata
887 583 1096 683 Syntheticc
1130 587 1278 661 demon·

225 704 389 772 strentur
401 731 412 788 ;
434 701 504 786 vel,
516 700 613 796 quod
626 699 842 774 tantundem
854 705 922 789 est,
933 706 1145 776 utarerum
1158 704 1282 801 singu-

223 812 353 888 larium
379 816 684 913 contemplatione
708 840 752 890 ea
775 815 950 913 principia
971 817 1148 912 gradatim
1174 842 1278 893 erua-

223 953 319 1021 mus,
333 957 415 1029 quae
430 933 503 1006 late
521 937 668 1029 pateant
685 943 722 1006 ct
739 932 896 1007 scientiae
909 933 1279 1010 demonstrationibus

222 1044 432 1123 inserviant.
485 1050 585 1124 Hinc
613 1051 651 1124 in
677 1051 834 1125 naturali
860 1050 1091 1149 philosophia
1124 1077 1190 1150 per
1214 1078 1277 1127 ex-

222 1163 507 1259 perimentorum
520 1168 663 1264 copiam
676 1176 713 1240 et
722 1167 990 1242 observationes
1001 1167 1277 1245 Astronomicas

221 1285 330 1354 caute
354 1287 393 1356 et
418 1281 522 1380 quasi
546 1306 612 1380 per
636 1283 769 1378 gradus
793 1284 987 1357 continuos
1012 1284 1058 1358 ad
1084 1307 1127 1356 ea
1146 1309 1276 1380 prove-

224 1396 348 1472 himur
372 1423 453 1496 quae
479 1398 745 1473 Universaliter
769 1424 856 1473 vera
879 1408 977 1474 sunt.
1028 1399 1110 1474 Nec
1133 1401 1277 1476 absimi-

225 1513 270 1584 lis
299 1511 516 1587 Geometriae
543 1515 657 1610 origo.
711 1514 861 1588 Etenim
895 1514 1030 1612 figuras
1059 1520 1098 1589 et
1126 1539 1277 1614 corpora

224 1628 452 1704 Geometrica
484 1629 579 1703 inter
610 1654 652 1704 se
685 1629 947 1704 commiserunt
980 1631 1089 1729 primi
1123 1632 1276 1730 hujusce

222 1746 389 1821 Scientiae
411 1748 582 1836 cultores,
607 1748 723 1821 donec
745 1747 791 1822 ad
813 1771 874 1821 eas
900 1747 1127 1822 definitiones
1150 1773 1274 1846 perve-

221 1875 365 1955 nerunt,
393 1891 474 1964 quae
498 1864 624 1939 multis
648 1865 784 1963 pariter
808 1867 1068 1962 congruebant,
1095 1872 1133 1942 et
1158 1867 1204 1942 ad
1232 1891 1275 1942 ea

221 1981 430 2074 Axiomata,
466 2007 512 2057 ex
546 1983 679 2081 quibus
717 2006 848 2079 magna
880 1983 942 2058 illa
975 1989 1013 2058 et
1046 1983 1276 2060 Universalia

224 2097 465 2173 Theoremata
481 2099 610 2173 deduci
626 2109 787 2196 possent.
840 2099 938 2174 Hinc
954 2099 992 2172 in
1009 2099 1146 2176 Ethicis
1163 2103 1274 2176 unius

219 2221 257 2286 et
270 2215 417 2288 alterius
434 2214 591 2288 hominis
608 2239 727 2290 mores
745 2223 782 2292 et
799 2217 950 2292 affectus
971 2219 1272 2315 contemplamur,

222 2335 265 2404 ut
288 2331 334 2404 ad
356 2332 419 2405 illa
441 2331 556 2406 officia
578 2334 729 2407 tandem
752 2332 984 2408 deveniamus
1011 2360 1093 2432 quae
1110 2360 1183 2410 non
1196 2335 1274 2434 jam

221 2448 285 2522 uni
302 2452 367 2521 aut
383 2449 485 2522 alteri
503 2450 567 2524 sed
583 2449 832 2524 universaliter
847 2451 1010 2526 humano
1033 2454 1156 2548 generi
1173 2478 1273 2528 com-

220 2573 358 2661 petant.
411 2568 503 2642 Haec
519 2553 694 2663 igiturest
710 2567 771 2642 illa
787 2567 1067 2666 philosophandi
1080 2569 1273 2646 methodus

223 2709 332 2780 quam
350 2691 480 2760 natura
496 2684 575 2781 ipsa
592 2689 630 2758 et
646 2683 737 2758 ratio
760 2685 865 2760 nobis
888 2685 1098 2782 designant:
1126 2687 1204 2760 haec
1220 2697 1277 2762 est

220 2798 407 2898 illaquam
426 2800 513 2875 olirn
530 2802 716 2898 auspicato
733 2802 771 2875 in
788 2802 907 2876 lucem
924 2803 1153 2898 protulerunt
1170 2802 1275 2875 Plato

221 2924 258 2989 ct
277 2917 502 3004 Aristoteles,
521 2941 631 3014 quam
649 2917 748 2992 haud
764 2916 816 2991 ita
832 2917 972 3014 pridem
993 2941 1013 2991 e
1036 2917 1194 2992 tenebris
1212 2943 1275 2992 ex-

222 3033 345 3108 citavit
363 3059 519 3132 magnus
535 3034 596 3107 ille
608 3033 853 3122 Verulamius,
868 3035 969 3108 nullo
986 3039 1110 3109 autem
1127 3035 1275 3110 nomine

222 3152 343 3225 notior
355 3162 418 3227 aut
430 3153 643 3249 praeclari0r‚
655 3175 761 3248 quam
780 3150 877 3247 quod
894 3149 1142 3226 Ncwtonianae
1160 3152 1276 3250 philo·

221 3268 356 3365 sophiae
374 3269 653 3344 fundamentum
671 3267 728 3342 sit.
765 3266 857 3339 Eam
873 3266 997 3363 itaque
1015 3273 1137 3341 statuo
1156 3269 1274 3342 omnis

220 3387 458 3483 philosophia
482 3386 599 3481 legem
622 3407 700 3458 esse
724 3389 761 3458 et
787 3407 952 3458 normam
975 3389 1020 3458 ut
1037 3407 1058 3456 a
1074 3387 1182 3458 rebus
1199 3384 1273 3458 siu-

217 3503 403 3596 gularibus
429 3502 474 3575 ad
507 3500 725 3576 universalia
757 3499 932 3597 paulatim
967 3501 1148 3596 adsurgat.
1203 3499 1276 3574 Sed

219 3619 297 3691 haec
313 3619 638 3716 impraesentiarum
656 3619 813 3691 breviter
829 3615 992 3712 attigisse
1010 3616 1097 3690 satis
1114 3617 1174 3703 sit,
1192 3639 1274 3713 quaa

219 3736 364 3833 quidem
381 3735 463 3810 ideo
475 3742 620 3810 tantum
633 3734 749 3831 attigi,
763 3758 836 3832 quo
852 3732 992 3808 facilius
1008 3731 1276 3829 dignosceretur

219 3852 382 3926 Poetioes
400 3877 485 3928 cum
502 3852 734 3950 philosophia
749 3849 928 3948 cognatio.

269 3970 326 4042 Ac
350 3971 510 4065 primum
536 3968 683 4066 quidem
716 3968 755 4040 in
789 3991 832 4040 eo
861 3989 1010 4063 prorsus
1037 3965 1272 4057 conveniunt,

218 4087 316 4183 quod
334 4111 355 4160 a
372 4086 614 4184 singularibus
632 4109 713 4184 quae
723 4084 859 4183 passim
872 4084 1036 4159 sensibus
1054 4085 1275 4182 objiciuntur

217 4211 371 4300 utraque
396 4201 542 4277 initium
568 4207 700 4276 sumat.
752 4200 898 4276 Etenim
923 4207 1032 4300 poeta
1057 4211 1175 4276 totam
1199 4201 1273 4276 fere

218 4325 387 4394 naturam
405 4318 639 4418 acpraecipue
655 4318 769 4394 vitam
785 4316 994 4406 humanam,
1012 4341 1055 4392 ca
1072 4342 1145 4415 qua
1160 4318 1274 4414 pollet
