3058 4902
434 334 649 384 ramrrcrro
677 337 988 386 νισοοιιιΑ-Ριιιιιι.
1179 333 1239 394 351

179 498 287 592 ¹lopes
306 495 407 592 proci
427 499 525 566 statu
552 504 589 566 et
616 492 790 588 dignitate
811 496 882 568 lere
909 519 1012 591 pares
1038 493 1235 567 interritae

188 611 402 686 remissioris
432 610 575 683 delicias
610 609 717 683 simili
752 613 860 684 modo
894 611 989 684 inter
1019 635 1057 684 se
1091 613 1237 684 distant.

188 731 375 802 Antinous
403 735 440 800 et
467 728 717 822 Eurymachus
743 753 934 824 procorum
962 729 1173 800 nobilissimi
1201 729 1240 800 in

189 846 326 919 effraeni
343 869 452 941 quam
470 845 613 940 utrique
630 845 758 916 tribuit
775 845 919 918 licentia
937 853 1059 917 tamen
1081 846 1239 941 dispares

190 973 288 1050 sunt,
319 964 410 1034 alter
443 961 612 1033 audacior
646 967 683 1035 et
712 961 972 1047 vehementior,
1004 963 1094 1032 alter
1127 961 1241 1056 magis

191 1078 374 1176 speciosus
400 1085 438 1150 et
461 1077 634 1150 subdolus
647 1109 656 1166 ;
690 1103 761 1150 non
787 1076 881 1150 enim
909 1077 1137 1175 Eurymacho
1161 1077 1241 1150 Me·

189 1195 318 1269 lanthii
335 1198 513 1291 patrono²
530 1201 566 1266 et
583 1193 795 1267 Melanthus
809 1191 983 1267 amatorib
1001 1195 1244 1266 honestiorem

190 1315 351 1386 animum
371 1311 497 1384 tribuit
515 1311 578 1382 sed
596 1311 719 1383 minus
738 1312 901 1384 ferocem.
949 1310 1243 1406 Amphinomus⁰

191 1431 284 1504 inter
308 1436 365 1504 tot
390 1430 573 1502 tumultus
599 1429 689 1502 recti
720 1434 757 1500 et
782 1428 981 1501 honestatis
1008 1452 1155 1500 sonsum
1182 1429 1245 1498 ali-

191 1573 300 1644 quem
328 1549 384 1619 vel
415 1547 544 1618 saltem
575 1546 739 1618 umbram
768 1551 968 1619 conservat.
1022 1541 1245 1641 Ctesippus‘l

190 1663 330 1738 caeteris
365 1662 539 1758 abjectior
569 1673 606 1734 et
636 1661 770 1734 vilioris
805 1669 861 1734 est
894 1660 1016 1734 animi.
1070 1661 1246 1733 Leiodes⁰

191 1780 322 1878 quietis
351 1779 467 1873 magis
498 1803 623 1852 amans
653 1779 743 1851 adeo
775 1785 817 1851 ut
852 1777 920 1851 sibi
950 1779 1047 1874 apud
1078 1778 1245 1875 Ulyssem

192 1896 418 1994 supplicandi
435 1897 556 1968 locum
573 1919 650 1968 esse
668 1894 770 1968 facile
788 1896 993 1968 arbitretur.

242 2012 418 2111 Denique,
438 2013 571 2109 nequid
597 2013 688 2086 desit
714 2015 811 2108 quod
838 2037 955 2085 mores
982 2013 1167 2085 hominum
1193 2019 1246 2084 at·

193 2133 297 2221 tinet,
317 2143 354 2205 et
371 2131 408 2204 in
427 2130 538 2204 Iliade
558 2137 596 2206 et
612 2130 650 2202 in
668 2131 833 2227 Odyssea
849 2131 1030 2228 prodeunt
1048 2129 1085 2202 in
1103 2155 1246 2203 scenam

193 2271 357 2346 personae
385 2247 550 2343 quaedam
581 2245 736 2321 minores
765 2249 812 2321 ad
842 2246 1120 2344 exprimendum
1150 2247 1247 2319 huno
1293 2329 1300 2338 ¹

194 2371 258 2438 aut
279 2365 382 2438 illum
400 2365 582 2450 affectum,
602 2364 771 2438 virtutem
791 2375 855 2437 aut
878 2365 1021 2437 vitium.
1075 2363 1149 2435 Sub
1167 2387 1245 2459 per·

189 2507 284 2556 sona
309 2480 463 2554 Dolonis
491 2481 528 2553 id
555 2481 736 2576 praecipue
761 2504 866 2576 agere
892 2481 1095 2553 Homerum
1119 2503 1248 2552 censeo

194 2606 238 2672 ut
255 2597 394 2677 timoris
412 2599 583 2670 affectum
602 2597 843 2670 adumbraret.
896 2597 1007 2669 Asius
1033 2596 1248 2669 inconsultae

194 2715 388 2789 temeritati
407 2714 650 2810 exprimendae
667 2713 836 2787 inservit:
863 2739 936 2810 quo
950 2711 1095 2809 quidem
1113 2714 1150 2783 in
1168 2712 1248 2784 loco

195 2834 339 2904 insueta
364 2831 432 2904 sibi
456 2831 628 2928 loquendi
654 2832 810 2904 formula
832 2827 1093 2927 (Epanalepsin
1118 2839 1251 2902 vocant

197 2947 447 3037 Grammatici)
469 2950 585 3021 utitur
605 2956 712 3044 poeta
731 2961 772 3022 ut
797 2949 941 3021 lectoris
966 2946 1130 3020 animum
1152 2946 1188 3019 iu
1208 2973 1250 3018 ca
1367 2999 1374 3012 .
1437 2951 1441 2962 '

194 3095 278 3166 quae
304 3068 342 3140 in
359 3067 429 3140 hoc
450 3077 486 3138 et
512 3073 685 3162 sequente
711 3067 802 3140 libro
829 3066 873 3138 de
889 3065 979 3139 Asio
1005 3075 1251 3138 memorantur

196 3187 312 3283 magis
330 3184 512 3258 intentum
533 3183 663 3256 habeat
678 3213 739 3256 :—

515 3365 553 3376 -
568 3335 656 3406 τρίποε
672 3335 694 3388 δ’
708 3331 842 3402 ἦνἈσιοι
855 3333 931 3406 ἥρως,
1027 3327 1031 3336 ’

393 3429 488 3490 'notos
500 3431 659 3502 Ὑρτακίδης,
675 3431 705 3486 ὅν
719 3427 880 3501 Ἀρίσβηθεν
893 3431 976 3500 φέρον
989 3427 1063 3485 ἵπποι

397 3526 508 3584 uldam
521 3529 642 3600 μεγάλοι,
655 3530 775 3596 ποταμοῦ
790 3527 841 3581 ἀπὸ
855 3523 1013 3593 Σελλήεντος
1022 3526 1039 3578 ¹.

197 3682 411 3779 Usurpatur
449 3681 527 3756 haec
565 3681 683 3778 figura
715 3681 823 3776 juxta
862 3677 1155 3773 Hermogenem⁸
1195 3673 1254 3751 ἐπὶ

197 3800 406 3908 προσώπου
434 3799 637 3887 συστάσει,
667 3812 730 3884 sed
758 3806 901 3906 parcius
932 3831 1046 3902 eoque
1077 3807 1254 3881 valentius

239 4043 251 4068 ⁸
272 4032 339 4092 vid.
359 4034 460 4113 odyss.
477 4048 503 4092 P.
521 4051 587 4112 ²57·
788 4037 798 4063 ⁸
819 4027 928 4088 (lunser
946 4027 1253 4108 Odysr.u.146,hc.;

240 4110 253 4149 ὓ
275 4111 351 4172 lbid.
368 4125 396 4170 Σ.
414 4131 481 4187 324.
749 4123 779 4170 x.
798 4127 865 4183 310,
879 4109 933 4168 do.

240 4190 341 4250 ⁶lbid.
365 4205 399 4250 11.
417 4191 570 4268 394,doo.;
595 4206 622 4251 Σ.
639 4209 707 4266 394,
790 4188 863 4248 ¹1l.
886 4202 922 4249 u.
945 4202 1001 4264 953
1031 4187 1254 4246 conferitur.

201 4273 265 4342 doc,
282 4291 351 4344 411,
368 4273 420 4332 doc.
754 4285 821 4334 110.
835 4269 888 4328 dac.
899 4289 907 4339 ;
931 4281 963 4326 N.
980 4269 1048 4342 384,
1065 4268 1117 4327 dc.

242 4349 255 4390 ‘¹
275 4351 349 4412 lbld.
364 4364 394 4410 Υ.
410 4353 476 4430 287,
488 4349 540 4409 doc.
791 4359 805 4400 ὅ
824 4353 889 4425 Περὶ
905 4352 971 4407 Mad.
987 4353 1049 4416 δειν,
1064 4366 1088 4407 c.
1101 4367 1129 4424 9.
