3058 4908
282 318 347 382 186
589 325 798 374 aucuerre
827 324 1028 376 onnncrrrr.

280 479 520 552 intermissam
538 475 681 572 repetit,
696 475 784 547 dum
801 476 1060 570 particularum
1073 499 1142 571 ope
1158 476 1333 548 lectorem

282 597 389 692 plane
406 593 452 667 ad
467 593 627 688 primum
644 591 797 664 remittit
810 623 871 663 :-

435 747 534 802 Ἀλλοι
546 747 593 816 μὲν
604 745 639 819 ρἰι
652 745 709 800 θεοῖ
721 769 749 802 τι
762 747 804 801 καὶ
817 745 905 816 ἄνι’ριι
918 749 1108 818 ἱπποκορυσταὶ

439 842 524 900 utto
534 841 669 914 παννύχιοι
677 848 700 906 Ι,

283 986 381 1060 unde
404 985 449 1058 fit
474 989 553 1056 tota
577 981 675 1070 Ilias,
692 987 737 1055 ut
753 980 961 1054 Aristotelis
978 981 1097 1054 verbis
1124 990 1219 1068 utar,
1238 1007 1333 1052 συν-

284 1105 412 1210 δέσμῳ
445 1097 532 1187 eis*-
586 1110 727 1184 Omnes
761 1111 898 1184 scilicet
931 1109 1026 1184 tanti
1059 1111 1178 1207 operis
1212 1119 1335 1208 partes

221 1281 226 1290 ·
283 1232 352 1304 rite
381 1231 477 1302 inter
501 1251 540 1302 se
565 1225 830 1314 devinciuntur,
853 1236 963 1324 atque
989 1251 1054 1301 seu
1079 1237 1336 1325 argumentum

285 1371 351 1421 seu
385 1346 579 1418 dictionem
615 1341 785 1440 respicias
819 1367 931 1417 unam
969 1345 1099 1418 seriem
1137 1344 1335 1441 complent.

287 1464 499 1538 Graecorum
531 1461 639 1534 etiam
673 1467 760 1534 eunt
801 1461 987 1557 particulae
1030 1462 1110 1535 istae
1143 1485 1224 1558 quae
1267 1449 1336 1535 sibi

285 1601 417 1668 mutuo
453 1581 750 1688 respondent-o*
783 1579 930 1682 μὲν-ὁ
964 1579 1173 1662 δέ-τοῦτο
1206 1577 1337 1681 μὲν-

286 1717 398 1794 τοῦτο
420 1709 556 1795 ‹tt-in
572 1722 704 1819 quibus
726 1729 810 1817 apte
832 1721 1054 1795 collocandis
1072 1721 1260 1794 Orationis
1280 1723 1336 1794 in-

285 1838 493 1933 tegritatem
520 1838 640 1934 aliqua
666 1862 713 1910 ex
739 1847 843 1934 parte
876 1839 982 1934 ponit
998 1837 1211 1911 Aristoteles
1221 1838 1240 1908 ¹.
1293 1837 1337 1909 In

287 1953 530 2028 devinciendis
560 1953 671 2049 igitur
701 1954 890 2027 sententiis
921 1955 1012 2028 mira
1041 1960 1097 2027 est
1127 1953 1338 2028 Graecorum

287 2071 443 2158 solertia,
466 2072 530 2144 sed
554 2071 655 2144 illam
680 2071 749 2144 sibi
774 2071 960 2168 propriam
985 2071 1123 2144 habent
1146 2072 1338 2144 vocabqu

286 2214 370 2263 rum
395 2189 551 2285 copiam,
577 2213 659 2285 quae
683 2188 959 2284 conjunctiones
986 2212 1248 2285 nonnunquam
1273 2213 1339 2262 vo·

288 2312 430 2393 cantur,
461 2305 525 2378 sed
558 2312 648 2379 sunt
679 2305 804 2402 potius
837 2305 1031 2379 definiendi
1065 2311 1104 2378 et
1135 2305 1339 2403 explicandi

287 2421 481 2510 Aduerbio,
500 2422 579 2494 illas
597 2422 679 2496 dico
696 2449 777 2520 quae
803 2422 985 2496 nonnullis
1010 2422 1049 2494 in
1066 2421 1193 2496 Graeca
1216 2423 1342 2520 lingua

288 2541 411 2614 minus
435 2550 604 2613 accurate
630 2541 748 2614 doctis
776 2540 962 2614 Orationis
991 2565 1165 2614 numeros
1193 2547 1342 2613 tantum
1458 2627 1465 2641 ⁵

288 2663 399 2754 atque
416 2681 548 2730 sonum
565 2658 710 2754 explere
723 2657 904 2730 videntur.
940 2656 1057 2730 Aliter
1068 2663 1192 2730 tamen
1206 2656 1343 2730 (ΞΜ

289 2790 423 2884 lingmae
451 2789 692 2884 peritissimus
717 2787 932 2862 Theodorus
963 2778 1275 2882 θοοῦ-ἔχουσι
1303 2775 1345 2857 δὲ

289 2905 476 2992 πολλάκις
495 2911 556 2988 καὶ
576 2908 773 3008 σημασῖαν
791 2905 1062 3016 διάφορον-οι
1082 2919 1146 2991 ἰΙΙο
1166 2915 1346 2990 vetustior

291 3045 510 3141 Apollonius
520 3023 624 3115 1-ιίιί
642 3034 716 3139 γὰρ
736 3035 873 3136 ἀληθέι
892 3038 998 3116 ἐστιν
1015 3029 1064 3121 ὥς
1091 3071 1187 3120 τινες
1206 3034 1343 3115 ὑπίλα-

291 3173 378 3262 βον,
407 3161 546 3263 μόνους
578 3167 711 3250 αὕτουι
743 3167 986 3269 ἀναπληροῦν
1014 3163 1058 3246 τὸ
1092 3162 1247 3270 κεχηνὸς
1279 3163 1347 3248 τᾶν

292 3293 500 3396 ἑρμηνείας,
536 3295 597 3373 καὶ
635 3292 696 3374 διὰ
733 3302 843 3374 τοῦτο
881 3299 1054 3398 εἰρῆσθαι
1089 3303 1345 3398 παροπληροι-

152 3451 159 3462 ·
293 3414 688 3524 ματικοὺς--σχεδόν
720 3419 794 3525 γὰρ
839 3422 997 3505 ἕκαστος
1031 3422 1151 3501 αὐτῶν
1187 3419 1282 3500 ἴδιον
1311 3454 1348 3498 τι

295 3547 562 3650 ἐπηγγέλλετο.
617 3557 689 3631 Sed
706 3568 743 3631 et
760 3560 839 3655 ipse
855 3557 947 3632 ratio
965 3559 1036 3632 hoc
1052 3559 1193 3655 pmbat.
1247 3557 1348 3630 Ridi-

295 3676 378 3748 cula
400 3674 497 3749 enim
523 3682 582 3748 est
605 3677 743 3773 opinio,
761 3683 902 3750 tantam
921 3677 1182 3768 vocabulorum
1205 3675 1349 3772 copiam

295 3817 338 3865 ea
355 3790 461 3864 unica
478 3792 522 3865 de
548 3817 658 3866 causa
682 3795 874 3867 confictam
898 3818 988 3884 esse,
1007 3802 1052 3868 ut
1069 3794 1197 3868 Oratio
1223 3817 1349 3866 nume

295 3909 411 3982 rosior
438 3909 515 3996 fiat,
545 3920 583 3983 et
616 3912 761 3986 mollius
795 3919 1032 3986 sonet-tum
1064 3923 1189 3986 autem
1221 3935 1351 3984 eorum

296 4023 455 4096 maxime
473 4023 642 4123 frequens
667 4033 722 4100 est
739 4051 828 4102 usus
852 4027 891 4101 in
917 4030 1104 4103 communi
1130 4051 1294 4102 sermone
1312 4035 1351 4102 et

336 4219 351 4260 Ι
370 4209 413 4268 Π.
430 4225 461 4270 Β.
479 4231 504 4271 r.
842 4217 944 4288 aler,
955 4217 976 4278 l.
992 4217 1034 4277 iii.
1049 4237 1075 4278 c.
1090 4239 1119 4294 4.

338 4287 490 4350 Μάνιον.
505 4291 604 4364 Post,
617 4313 643 4355 c.
660 4313 710 4354 20.
882 4295 895 4337 ¹
914 4297 935 4356 l.
951 4317 980 4372 4.

337 4366 344 4398 ¹
364 4367 430 4428 Hoc
450 4369 516 4447 ipso
540 4373 674 4452 exemplo
695 4375 802 4436 utitur.
882 4374 890 4415 ¹
909 4375 1014 4451 140.
1033 4378 1080 4436 28.
