3096 4886
231 315 277 379 33
573 335 786 386 raaraorro
811 335 953 386 rrrrrr.

232 483 413 570 Quaenam
446 487 569 558 autem
602 481 674 558 ista
684 481 769 580 jura
795 481 908 558 Poeta
940 481 1019 580 ipse
1052 481 1190 581 liquido
1224 509 1288 560 ex-

228 599 362 699 ponit¹²
376 634 439 676 ε·-

394 735 534 811 ’Υμιτέρσυ
548 731 572 792 δ’
586 737 632 792 οὔκ
646 736 704 791 ἔστι
718 734 806 808 γένεος
818 732 1009 808 βασιλεθτερον
1022 736 1093 792 ἄλλο

390 831 437 890 ’Er
450 832 523 908 δήμῳ
535 833 648 902 Ἰθάκης,
662 830 725 888 ἀλλ’
741 832 812 902 ὑμεῖς
826 833 945 905 καρτεροὶ
957 833 1017 908 aigi·

229 957 391 1032 Domum
408 956 544 1032 scilicet
560 955 669 1030 istam
681 981 755 1054 praa
766 955 904 1029 uoeieris
917 955 1054 1030 virtute
1067 955 1288 1030 eminentem

230 1095 310 1146 esse
344 1082 380 1146 et
416 1072 506 1146 adeo
540 1071 684 1168 imperii
721 1071 989 1145 affectatricem.
1052 1071 1177 1146 Etiam
1209 1073 1288 1170 ipse

229 1187 379 1287 Ulysses
413 1212 510 1262 anno
540 1187 712 1262 vicesimo
745 1188 785 1260 in
814 1188 971 1284 patriam
1003 1212 1181 1277 reversus,
1211 1213 1288 1264 uon

225 1307 304 1402 jam
320 1306 441 1403 palam
458 1314 495 1378 et
511 1313 647 1402 aperte,
662 1304 727 1378 aad
742 1303 867 1377 fraude
883 1309 921 1378 et
937 1304 1086 1379 consilio
1103 1305 1142 1378 in
1159 1306 1287 1379 urbem

229 1427 267 1496 et
297 1422 450 1496 domum
479 1445 585 1496 suam
611 1420 770 1495 reditum
799 1422 961 1496 molitur.
1014 1421 1119 1496 Adeo
1149 1421 1189 1496 in
1215 1423 1287 1497 illis

228 1540 454 1636 temporibus
473 1539 596 1613 omnia
612 1539 760 1612 iirerunt
770 1539 939 1635 periculis
956 1538 1096 1631 obsita3
1123 1544 1161 1611 et
1171 1561 1284 1635 quan·

229 1680 339 1752 quam
363 1655 458 1750 regis
482 1655 596 1751 ipsius
618 1660 657 1728 et
679 1655 822 1729 familiae
840 1679 916 1728 suae
934 1655 1019 1750 jura
1039 1654 1137 1750 apud
1160 1679 1286 1728 omnes

227 1771 266 1846 in
296 1771 462 1846 confesso
489 1781 603 1859 eraut,
630 1778 754 1846 tamen
781 1795 824 1844 ea
850 1794 925 1846 non
950 1771 1028 1844 sine
1053 1770 1165 1844 animi
1199 1796 1285 1845 con-

228 1888 332 1963 tinua
348 1887 563 1975 intentione,
582 1894 620 1962 et
636 1912 780 1962 summa
795 1912 919 1962 rerum
938 1888 1183 1962 humanarum
1199 1914 1286 1987 pru·

228 2006 352 2081 dantia
379 2012 483 2080 erant
512 2006 745 2080 adservanda.
797 2005 852 2079 Ea
878 2012 1002 2079 audem
1029 2005 1222 2101 prudentia
1248 2006 1287 2078 in

227 2123 371 2198 duobus
388 2124 496 2198 rebus
513 2122 695 2219 praecipue
715 2121 936 2196 versabatur.
981 2121 1066 2195 Non
1082 2123 1182 2194 enim
1211 2121 1288 2218 regi

227 2239 316 2314 satis
333 2239 404 2314 fuit
420 2239 648 2335 imperatoris
662 2238 780 2312 officio
798 2247 944 2312 strenue
961 2236 1075 2334 iungi,
1089 2237 1159 2312 nisi
1175 2240 1287 2312 etiam

226 2355 265 2428 in
282 2355 447 2430 civilibus
465 2354 632 2451 negotiis,
651 2361 689 2429 et
704 2355 743 2428 in
756 2353 901 2452 judiciis
924 2353 1144 2428 exercitatus
1165 2355 1285 2430 firerit.

228 2471 343 2546 Nullo
367 2483 465 2548 certe
492 2472 639 2548 nomine
662 2475 778 2570 magis
809 2471 978 2546 honorati
997 2471 1146 2545 fueruut
1168 2473 1286 2547 heroi-

228 2613 356 2663 uorum
374 2600 582 2687 temporum
598 2614 713 2686 reges,
733 2614 842 2687 quam
860 2588 958 2686 quod
970 2589 1032 2684 jus
1055 2588 1174 2662 dicere
1196 2591 1287 2664 sole·

227 2707 326 2794 bant,
346 2713 384 2782 et
400 2707 663 2782 controversias
680 2707 815 2782 civium
832 2705 1046 2800 dijudicare¹
1062 2737 1126 2780 :-

513 2872 519 2882 ’
547 2879 713 2943 δικασπόλοι,
726 2875 779 2932 οἵτε
793 2875 919 2943 θέμιστας

385 2981 458 3051 Πρὸς
473 2981 534 3037 Διὸς
549 2979 673 3052 cipimus.

228 3113 265 3179 et
282 3104 393 3178 alibi¹

382 3241 433 3299 ’ος
446 3244 541 3310 Λυκίην
555 3241 642 3315 εἴρυτο
656 3241 746 3312 δίκῃσί
758 3265 787 3299 τε
801 3244 843 3298 καὶ
857 3241 947 3298 σθένεϊ
960 3237 990 3318 qi.

390 3335 436 3396 nir
448 3341 577 3405 βασιλεὺς
591 3335 613 3414 ᾦ
626 3339 705 3395 ἔδωκε
720 3345 820 3414 Κρόνου
833 3343 893 3396 παῖς
905 3337 1090 3412 ἆγκυλομῆτεω

387 3439 521 3510 &impar
533 3435 558 3491 τ’
574 3434 619 3506 ἠδὲ
633 3435 766 3506 θέμιστας,
780 3435 821 3492 ἵνα
832 3438 931 3510 σφίσιν
944 3434 1117 3508 ἐμβασιλεθῃ.

227 3558 284 3632 Ex
300 3558 343 3634 iis
361 3561 474 3658 igitur
488 3561 770 3636 virtutibus'sere
780 3571 858 3636 tota
870 3561 964 3659 regis
981 3559 1183 3635 authoritas
1199 3583 1287 3656 pen·

228 3675 346 3767 debat,
374 3703 464 3776 quas
495 3680 677 3777 praecipue
706 3679 886 3753 mirantur
915 3677 1081 3751 homines
1111 3685 1287 3773 tanquam

227 3817 288 3866 eas
306 3821 388 3892 quae
405 3798 444 3870 in
467 3795 729 3870 communitate
751 3795 837 3868 vitae
859 3805 897 3868 et
920 3796 1048 3891 primae
1065 3795 1234 3868 oriuntur
1250 3799 1288 3866 et

228 3914 316 3979 sunt
332 3907 544 3996 utilissimae,
558 3907 743 4006 justitiam
761 3907 842 3981 dico
859 3915 897 3981 et
914 3907 1175 3983 fortitudinem.

279 4020 374 4105 Quae
391 4025 539 4121 quidem
556 4025 678 4099 omnia
697 4026 728 4098 si
754 4025 841 4099 satis
865 4036 1056 4123 perspecta
1079 4025 1163 4113 sint,
1183 4025 1287 4098 facile

227 4136 320 4210 iilud
337 4163 481 4236 quoque
503 4142 667 4237 sequitur
684 4141 817 4238 regiam
842 4149 1064 4241 potestatem
1086 4165 1173 4216 suos
1195 4143 1286 4215 fines

268 4325 484 4406 hOrdo-532.
583 4329 779 4406 ild-Am&
903 4333 981 4393 ΙΙΙΙ.
998 4347 1033 4396 11.
1050 4358 1116 4410 sm
1143 4347 1172 4393 B.
1189 4355 1245 4409 ²0⁵·

1532 378 1543 581 ÷

1533 1663 1541 1679 Ι
