3094 4898
511 335 741 384 =raarrrrorro
764 336 916 385 acorna.
1185 325 1246 388 171

192 502 251 575 vel
280 487 387 588 εἶδος,
417 510 453 574 et
476 501 613 600 reliqua
639 527 720 599 quac
747 503 917 600 prosequi
945 525 1020 574 nou
1045 506 1174 590 vacat;
1204 503 1248 576 de

194 620 326 715 quibus
344 629 466 692 tamen
493 618 532 692 in
550 621 761 694 universum
779 621 936 718 sumptis
959 619 1247 693 animadverten-

194 739 284 811 dum
309 743 366 810 cst
390 737 435 810 ad
461 761 596 832 paucas
619 739 760 812 radices
782 745 897 812 totam
918 737 991 810 fere
1011 737 1174 834 linguam
1192 761 1246 810 re-

193 856 317 930 vocari
342 879 460 952 posse,
479 864 589 952 atque
614 857 694 930 illas
720 881 765 930 ex
790 857 915 954 primis
941 857 1145 930 communis
1163 857 1248 932 vitae

194 975 420 1048 commerciis
443 975 676 1074 desumptas,
707 1001 773 1050 nec
799 1001 886 1050 vcro
910 976 1028 1049 multa
1054 986 1140 1049 sunt
1168 1000 1248 1072 quae

191 1117 239 1177 ex
273 1093 347 1192 hac‘
375 1098 440 1166 aut
473 1092 534 1166 illa
567 1095 687 1168 radice
721 1117 845 1176 eruere
879 1117 954 1164 non
988 1094 1117 1188 possis,
1150 1094 1246 1189 quod

194 1210 401 1284 mirandum
428 1221 485 1284 est
510 1218 607 1284 certe
633 1213 792 1286 intanta
816 1211 949 1306 linguae
975 1209 1189 1306 antiquitate
1211 1222 1248 1284 et

195 1329 425 1438 obscuritate.

245 1443 360 1518 Porro
386 1470 431 1518 ex
458 1445 586 1520 iisdem
605 1445 723 1520 causis
745 1450 799 1535 (ut
823 1447 981 1534 videtur)
1004 1451 1138 1518 exortae
1162 1452 1249 1519 sunt

195 1559 381 1635 derivandi
400 1562 542 1660 regulae.
596 1563 671 1637 Ubi
689 1564 851 1660 ejusdem
870 1571 1010 1637 naturae
1029 1570 1106 1637 crat
1123 1563 1245 1653 Actio,

122 1769 131 1776 ·
194 1681 306 1753 modo
328 1684 471 1754 tantum
496 1695 532 1754 et
553 1681 726 1755 relatione
745 1680 895 1770 diversa,
923 1681 1026 1756 facile
1051 1687 1127 1754 erat
1151 1681 1246 1757 simi·

194 1798 286 1872 lium
315 1800 506 1872 verborum
535 1824 603 1896 ope
630 1803 698 1889 uti,
726 1800 823 1873 unde
849 1801 958 1874 habes
984 1799 1095 1872 verba
1124 1824 1247 1896 quam-

194 1915 350 2012 plurima
380 1916 450 1990 hac
480 1917 545 1992 aut
575 1917 637 1990 illa
663 1918 768 1990 litera
801 1919 860 1990 vel
890 1917 959 1988 hac
990 1922 1056 1988 aut
1086 1914 1148 1989 illa
1178 1919 1247 2015 syl-

119 2042 122 2052 '
195 2047 277 2121 laba
300 2046 396 2120 inter
422 2071 460 2120 se
485 2047 741 2145 discrepantia,
769 2071 790 2120 a
815 2036 930 2140 πέρας
955 2046 1092 2120 scilicet
1119 2039 1246 2154 πείρῳ,

193 2164 332 2272 caprina,
356 2166 529 2271 περαίνω,
548 2163 731 2273 repertio,
750 2163 900 2270 πειρᾶω,
919 2183 1029 2274 atque
1051 2179 1128 2252 haec
1148 2180 1249 2250 nulla

194 2295 346 2368 fortasse
372 2295 451 2389 lege
472 2293 587 2368 divisa
612 2296 767 2391 sedpro
793 2295 943 2367 arbitrio
966 2295 1103 2392 potius.
1157 2295 1247 2368 Mox

195 2421 317 2484 autem
350 2436 394 2484 ex
421 2411 540 2485 verbis
570 2422 607 2485 et
641 2436 767 2485 eorum
801 2413 1028 2509 temporibus
1059 2413 1249 2485 innumera

194 2529 269 2602 sere
295 2529 472 2602 vocabula
499 2529 690 2602 derivanda
717 2539 830 2615 eraut,
860 2554 905 2602 ex
933 2530 1049 2602 forma
1075 2529 1248 2601 nimirum

194 2645 356 2743 perfecta
377 2647 446 2719 alia
467 2646 615 2720 minoris
637 2647 709 2721 loci
732 2660 841 2743 atquc
859 2648 1009 2735 ordinis,
1028 2672 1108 2744 quae
1126 2645 1248 2742 itaque

194 2768 241 2839 ad
261 2789 428 2838 normam
450 2765 631 2862 quandam
658 2770 695 2838 et
717 2768 834 2861 legem
861 2765 1022 2839 revocari
1040 2765 1174 2852 decuit,
1194 2771 1246 2836 at-

194 2908 266 2980 que
283 2884 361 2956 haec
378 2882 537 2955 verbalia
559 2884 798 2980 appellantur.
853 2883 942 2957 Haec
965 2882 1055 2956 adeo
1074 2907 1139 2979 pro
1156 2889 1247 2954 tem-

193 3000 345 3097 poribus
362 2997 458 3072 unde
475 2999 663 3095 profluunt
682 3010 718 3074 et
741 3025 807 3097 pro
831 3000 907 3074 suis
930 2999 1248 3074 terminationibus

193 3115 295 3190 hunc
320 3117 378 3189 vel
404 3115 507 3189 illum
532 3141 678 3190 sensum
703 3117 882 3190 obtinent.
935 3116 989 3189 Er
1012 3116 1136 3190 futuro
1156 3123 1247 3192 tem-

193 3271 282 3344 pore
309 3247 540 3345 proveniunt,
566 3235 715 3342 πρᾶξις,
745 3236 853 3343 δόξα,
880 3235 1056 3340 μάθησις,
1082 3239 1246 3341 ποίησις,

195 3391 276 3462 quae
304 3365 394 3438 adeo
422 3365 462 3438 in
487 3365 698 3438 universum
728 3366 851 3439 omnia
878 3390 952 3438 non
982 3389 1075 3462 opus
1105 3367 1247 3439 absolu·

194 3489 277 3556 tum
304 3483 366 3555 sed
392 3488 612 3580 potestatem
637 3485 761 3580 potius
788 3492 825 3557 et
851 3484 1000 3557 modum
1029 3483 1169 3579 agendi,
1187 3483 1246 3556 i.e.

195 3601 362 3674 futurum
397 3601 542 3698 aliquod
577 3601 785 3698 respiciunt.
839 3601 895 3675 Ex
934 3601 1113 3676 contraria
1148 3609 1249 3696 parte

195 3727 364 3825 πρᾶγμα,
386 3717 521 3822 δόγμα,
541 3721 708 3823 μάθημα,
727 3725 881 3823 ποίημα,
901 3757 945 3805 ex
971 3737 1135 3826 tempore
1157 3754 1247 3826 prae-

194 3849 304 3920 terito
323 3847 486 3919 deductae
503 3871 610 3921 voces
628 3872 720 3945 opus
739 3849 816 3945 jem
834 3849 1034 3946 perfectum
1052 3847 1246 3920 declarant.

197 3975 296 4059 Quin
319 3984 358 4050 et
380 4001 487 4052 voces
513 4003 593 4074 quae
614 3979 652 4052 in
678 3978 823 4076 syllabis
844 4003 921 4068 της,
948 4001 1035 4071 τωρ,
1053 3975 1247 4050 terminan-

194 4116 268 4195 tur,
300 4110 346 4181 ad
372 4087 564 4205 personam
593 4111 711 4183 active
740 4110 955 4192 referuntur,
986 4092 1153 4198 ποιητὴς,
1180 4095 1246 4200 ῥή·

196 4264 285 4334 τωρ,
304 4238 381 4312 aliae
407 4237 445 4311 in
463 4264 537 4325 ros,
559 4265 641 4314 τεος
658 4241 702 4314 ad
726 4266 802 4314 rem
821 4247 1042 4313 transactam
1058 4238 1116 4310 vel
1135 4248 1249 4312 trans·

196 4371 365 4468 igendam
396 4370 550 4468 passive,
582 4358 746 4462 ποιητὸς,
771 4359 966 4463 γραπτέος.
1025 4368 1158 4443 Similis
1193 4376 1249 4442 est
