3094 4898
564 311 778 362 enmrrorro
805 311 952 360 OCTAVA.
1107 361 1109 374 ,
1221 301 1281 364 131

229 465 409 560 cheynes,
438 468 474 536 et
500 462 613 538 istum
640 487 713 561 quo
738 465 918 538 Achillem
944 463 1172 560 prosecuturi
1197 469 1284 536 sunt

229 581 417 668 honorem,
454 585 492 654 et
528 581 574 654 ad
609 581 731 677 ipsum
765 581 926 656 Hectora
959 579 1108 676 dignum
1141 580 1284 654 Achille

229 693 468 771 hostem¹:—
534 715 539 722 “

386 847 418 901 El
432 847 463 902 δι’
474 869 514 901 τοι
527 848 660 920 Ἀτρείδης
673 849 720 920 μὶν
732 847 865 919 ἀπήχθετο
878 847 967 920 κηρόθι
981 849 1092 918 μᾶλλον,

390 938 471 996 Atros
485 941 526 994 xci
539 944 586 995 τοῦ
599 940 678 1013 δῶρα,
695 941 730 996 σὺ
744 941 766 994 δ’
779 942 878 998 ἀλλους
890 963 940 1012 περ
955 941 1117 1012 Παναχαιοὺς

387 1033 552 1106 Τειρομένουε
566 1035 672 1108 ε’λέαιρε
685 1037 750 1090 κατὰ
763 1035 884 1108 στρατὸν.
900 1033 928 1090 οἵ
939 1059 972 1090 σε
986 1036 1045 1091 θεὸν
1059 1037 1093 1093 ὧι·

385 1129 506 1197 Τι’ρουσ’·
527 1129 542 1199 ἦ
557 1133 608 1203 γάρ
622 1133 653 1186 κε’
664 1133 716 1203 σφι
730 1134 802 1202 μάλα
815 1133 881 1204 μίγα
895 1132 970 1188 κῦδος
983 1133 1065 1205 ἄροιο.

387 1229 444 1280 Νῦν
455 1228 507 1299 γάρ
520 1227 546 1298 χ’
557 1226 661 1299 Ἕκτορ’
674 1228 757 1296 ἕλοις,
774 1227 830 1282 ε’πεὶ
842 1228 875 1282 ἀν
887 1230 958 1298 μάλα
972 1249 1013 1282 τοι
1026 1229 1124 1299 σχεδὸν
1136 1229 1211 1284 ἔλθοι

386 1319 498 1378 Λύσσαν
511 1324 580 1394 ἔχων
594 1325 682 1394 ὀλοὴν,
698 1323 761 1398 {nrt
770 1327 802 1378 ot
814 1326 872 1380 τινά
885 1326 971 1396 φησιν
985 1327 1074 1394 ὁμοῖον

387 1413 423 1473 Oi
433 1419 519 1489 ἔμεναι
534 1426 649 1483 Δαναῶν,
665 1419 813 1476 ούς“ε’νθάδε
826 1421 884 1488 νῆες
897 1421 1003 1476 ἔνεικαν.

229 1550 313 1624 Jam
341 1549 427 1626 vero
453 1554 531 1627 haec
558 1579 631 1628 non
658 1561 804 1629 tantum
830 1555 983 1629 honeste
1009 1562 1158 1627 suntet
1185 1578 1284 1650 mag-

229 1669 347 1756 nifica,
363 1672 425 1744 sed
439 1672 486 1744 ed
499 1672 766 1746 exactissimam
779 1673 866 1746 ortis
880 1695 1041 1746 normam
1059 1670 1283 1757 concinnata,

229 1810 345 1882 neque
378 1788 416 1860 in
446 1788 588 1862 delectu
621 1783 917 1886 argumentorum
951 1812 1066 1885 neque
1100 1789 1138 1860 in
1155 1790 1283 1861 ‘collo-

228 1910 370 1982 catione
387 1910 446 1982 vel
462 1911 653 2006 paululum
670 1935 691 1984 a
709 1935 820 2007 scopo
838 1911 979 1984 aberrat
993 1910 1138 1984 Orator.
1192 1909 1283 1984 Haec

228 2025 349 2121 itaque
371 2037 408 2100 et
431 2037 562 2100 caetera
584 2026 848 2125 quamplurima
867 2051 910 2100 ex
927 2025 1049 2100 fabula
1065 2027 1123 2099 vel
1140 2051 1185 2100 ex
1202 2051 1283 2122 per-

229 2142 328 2214 sonis
345 2143 554 2217 Homericis
570 2145 729 2217 eruenda
746 2152 843 2218 suut.
879 2141 1060 2216 Caeterum
1078 2143 1156 2240 ipse
1172 2131 1286 2216 Poeta

230 2258 297 2332 sub
324 2258 467 2357 Ulyssis
492 2286 648 2359 persona
674 2261 719 2335 de
747 2261 815 2334 hac
839 2261 1010 2334 facultate
1037 2285 1111 2332 non
1133 2263 1285 2334 obscure

229 2374 401 2472 loquitur,
421 2386 593 2473 tauquam
611 2402 650 2451 re
670 2377 857 2451 notissima
879 2388 916 2451 et
936 2399 1088 2451 summae
1111 2384 1284 2476 praestan·

229 2492 301 2580 tiae,
320 2500 357 2565 et
379 2517 502 2590 parem
523 2494 576 2567 illi
602 2518 686 2568 cum
712 2494 836 2568 formae
859 2501 1051 2569 venustate
1074 2495 1226 2591 gratiam
1246 2513 1284 2571 et

229 2608 405 2682 bonorem
422 2607 575 2684 tribuitk
588 2641 649 2682 2-

381 2761 485 2819 Ἀλλοε
498 2766 545 2833 μὲν
558 2765 610 2836 γὰρ
622 2762 645 2818 τ’
660 2757 728 2820 εἶδος
742 2763 908 2834 ἀκιδνότερος
922 2764 997 2818 πάλει
1012 2761 1077 2834 ἀνὴρ

393 2858 477 2915 Ἀλλὰ
491 2859 550 2916 θεὸς
563 2861 669 2933 μορφὴν
682 2861 758 2915 ἔπεσι
773 2857 875 2930 στίφει·
891 2860 915 2912 oi
930 2858 958 2914 δὲ
971 2857 993 2911 τ’
1008 2858 1034 2914 r’s
1047 2858 1125 2911 αὐτὸν

387 2957 546 3027 Τεριτόμενοι
559 2955 732 3012 λεύσσουσιν·
747 2959 762 3010 ὁ
776 2953 799 3010 δ’
814 2955 959 3027 ἀσφαλέως
973 2953 1092 3026 ἀγορεύει

388 3052 463 3108 Aiaci
474 3054 601 3124 μειλιχίῃ,
616 3053 683 3122 μετὰ
698 3053 726 3108 δὲ
739 3051 833 3123 τρύσει
847 3051 1040 3124 ἀγρομένοισιν,

388 3149 546 3221 Ἐρχάρενον
560 3147 583 3204 δ’
598 3148 646 3204 int
658 3149 735 3217 ἀστν,
752 3149 812 3204 θεὸν
826 3147 861 3204 oe‘r
873 3149 1040 3218 εἶσοράωσιν·

231 3325 309 3376 eam
336 3309 460 3377 eutem
483 3305 656 3379 orationis
682 3292 1171 3401 securitatem—ciogtraits‘os
1196 3296 1285 3396 ἀγο-

222 3420 587 3531 ρεύει-Χεηορλοιι
605 3434 643 3506 in
666 3433 887 3531 argumentis
912 3433 1106 3530 seligendis
1130 3433 1286 3530 positam

229 3571 308 3621 esse
325 3549 530 3638 arbitratur,
548 3549 592 3624 iis
616 3551 753 3625 scilicet
773 3575 929 3648 quorum
952 3549 1123 3622 notitiam
1141 3559 1178 3622 et
1195 3551 1285 3622 veri-

229 3673 341 3736 tatem
360 3689 484 3740 omnes
502 3673 743 3764 assequuntur
753 3664 773 3756 ¹,
792 3693 836 3740 ex
852 3667 1014 3740 Homero
1029 3665 1169 3761 quidem
1195 3665 1286 3740 Ora·

225 3781 337 3854 tionis
355 3780 547 3857 Socraticae
561 3783 736 3882 principia
751 3786 942 3858 deducens.
987 3781 1047 3855 Ex
1063 3783 1190 3855 eodem
1204 3785 1283 3856 loco

228 3900 430 3995 conjectare
456 3903 540 3976 licet
567 3900 754 3976 Orationis
783 3902 905 3999 gratiae
932 3905 970 4004 et
999 3898 1181 3972 venustati
1208 3900 1285 3996 jam

228 4039 311 4107 tum
324 4035 507 4110 studuisse
521 4037 682 4126 Graecos,
697 4024 852 4136 μορφὴν
866 4027 973 4108 ἔπεσι
989 4025 1287 4133 στέφει-χάρις

232 4154 599 4264 ἀμφιπεριστέφεται
620 4150 788 4238 ε’πεέσσι.
849 4165 932 4262 Ipse
951 4165 1059 4239 etiam
1077 4165 1189 4240 Poeta
1209 4193 1287 4241 ora·
1368 4203 1373 4214 ·

276 4329 281 4361 ί
301 4330 343 4390 Π.
360 4345 380 4391 1.
400 4351 465 4407 300.
556 4333 566 4364 ¹¹
588 4332 630 4392 Il.
646 4347 678 4392 θ.
699 4333 763 4390 168.
851 4334 858 4366 ¹
879 4334 956 4393 Xon.
974 4333 1073 4404 Mem„
1090 4332 1108 4390 l.
1123 4331 1161 4392 iv.
1177 4351 1201 4392 e.
1217 4333 1241 4388 6.

733 4455 757 4501 n
775 4433 797 4502 2
