3096 4886
403 309 618 362 ramnnorm
640 309 759 361 carna
786 309 1043 364 macerarere
1211 289 1252 354 15

197 483 309 560 quam
325 463 395 546 est,
414 459 513 557 quod
529 457 707 534 scribendi
726 467 843 532 artem
855 462 893 532 et
908 459 1087 534 rationem
1104 459 1252 550 attinet,

195 579 296 676 quod
312 602 388 652 non
404 577 525 675 aliqua
541 601 587 651 ex
603 582 706 674 parte
724 577 792 650 sub
809 575 880 650 hoc
902 581 1116 672 argumento
1134 576 1251 650 cadat.

195 697 284 772 Non
304 695 416 792 igitur
435 695 481 768 de
503 718 610 791 grege
636 693 831 768 Poetarum
859 717 977 766 unum
1004 693 1163 790 aliquem
1188 699 1255 768 aut

197 815 352 890 alterum
378 809 470 886 mihi
494 811 752 886 illustrandum
774 834 934 899 secerno,
958 810 1022 884 sed
1046 809 1255 908 Homerum

196 930 318 1028 ipsum
334 927 593 1004 humaniorum
610 926 797 1002 literarum
820 933 963 1024 patrem
980 933 1018 1001 et
1040 927 1253 1026 principem.

196 1047 279 1122 Nec
312 1069 399 1119 vero
433 1043 735 1118 dissimulandum
769 1049 825 1118 est
854 1045 989 1118 multos
1019 1067 1098 1118 esse
1126 1046 1189 1142 qui
1216 1045 1256 1118 in

197 1164 327 1240 eodem
349 1187 480 1259 campo
503 1164 796 1252 desudaverunt;
823 1163 887 1236 sed
904 1159 1011 1259 pauci
1034 1170 1120 1235 sunt
1137 1161 1201 1261 qui
1216 1161 1256 1236 in

197 1283 268 1356 hac
290 1306 329 1355 re
351 1280 504 1354 feliciter
520 1304 559 1353 se
582 1279 832 1377 expedierunt,
851 1303 960 1352 nemo
984 1283 1120 1364 autem,
1143 1303 1255 1375 quan·

196 1403 280 1474 tum
304 1399 392 1485 scio,
419 1396 482 1494 qui
504 1403 623 1470 totam
646 1421 724 1470 rem
745 1398 851 1493 plene
876 1401 914 1470 et
937 1395 1026 1470 satis
1053 1419 1120 1492 pro
1150 1419 1256 1491 argu·

198 1515 314 1590 menti
336 1514 576 1611 amplitudine
598 1513 779 1588 tractavit.
832 1512 907 1586 Alii
933 1511 1042 1600 enim,
1069 1513 1158 1586 dum
1178 1536 1255 1609 sys-

197 1636 298 1710 tema
321 1629 468 1727 aliquod
490 1629 560 1704 sibi
582 1635 716 1705 temere
739 1630 896 1726 fingunt,
920 1653 965 1703 eo
989 1629 1112 1703 omnia
1136 1629 1255 1702 detor·

198 1758 315 1844 quent
327 1779 338 1837 ;
368 1748 441 1836 alii,
472 1747 646 1822 novitatis
674 1748 796 1822 studio
825 1748 978 1844 abrepti,
1006 1746 1097 1822 illud
1132 1748 1256 1844 potius

199 1871 327 1959 agunt,
347 1868 389 1938 ut
405 1863 542 1961 ingenii
558 1863 616 1938 sui
638 1865 734 1938 vires
758 1871 944 1938 ostentent
967 1873 1076 1962 atque
1093 1866 1256 1954 efferant,

199 2005 312 2077 quam
327 1987 369 2054 ut
386 1987 502 2078 poeta
519 1991 680 2056 mentem
697 1989 948 2080 assequantur.
1001 1981 1129 2080 Ipsum
1147 2006 1257 2080 porro

199 2108 456 2194 argumentum
481 2100 571 2174 adeo
597 2097 739 2173 varium
767 2105 824 2172 est
850 2105 959 2198 atque
987 2099 1190 2196 multiplea,
1213 2105 1259 2174 ut

200 2217 384 2312 supersint
409 2217 530 2290 adhue
553 2215 820 2314 quamplurima
842 2219 901 2291 vel
924 2240 1054 2315 parum
1069 2225 1258 2314 perspecta

200 2335 259 2407 vel
285 2357 434 2430 prorsus
457 2334 691 2430 inexplorata.
744 2332 823 2408 Nec
849 2357 935 2408 vero
958 2334 1121 2424 eandem,
1148 2357 1259 2432 quam

201 2450 332 2538 caeteri,
363 2449 492 2524 insisto
521 2451 643 2538 viam3
680 2447 918 2548 quiquidem
951 2475 995 2524 ex
1030 2450 1110 2547 ipso
1135 2459 1256 2549 poeta,

201 2567 325 2665 potius
353 2592 463 2665 quam
492 2591 537 2640 ex
567 2567 651 2640 ullis
679 2567 947 2664 interpretibus
975 2591 1016 2642 ea
1047 2593 1127 2665 quae
1153 2593 1197 2641 ex
1219 2591 1259 2640 re

202 2685 298 2757 sient
321 2682 477 2780 petenda
499 2706 578 2757 esse
595 2681 761 2757 arbitror.
815 2683 909 2756 Cum
932 2688 1056 2756 autem
1078 2681 1258 2757 multaab

204 2799 361 2902 antiquis
385 2800 555 2898 praeclare
578 2800 675 2873 dicta
700 2797 835 2872 sintin
858 2799 1076 2884 Homerum,
1094 2799 1139 2872 ab
1157 2798 1260 2872 Aris-

203 2919 317 2992 totele
339 2918 540 3014 praesertim
563 2922 601 2990 et
623 2915 789 3004 Platone,
809 2915 976 3013 quaedam
988 2916 1099 2990 etiam
1116 2939 1137 2989 a
1153 2924 1259 2990 caete·

203 3037 264 3121 ris,
295 3034 431 3108 nullius
458 3058 565 3131 opem
594 3057 745 3121 recus03
781 3057 858 3108 non
886 3034 979 3107 illud
1006 3057 1116 3130 agens
1144 3044 1188 3108 ut
1215 3034 1260 3110 de

203 3176 287 3225 meo
298 3151 470 3249 quiddam
483 3151 676 3248 proferam,
692 3149 804 3224 sedin
815 3149 969 3226 veritate
982 3152 1140 3225 eruenda
1152 3150 1261 3226 unice

205 3275 415 3367 occupatus.
471 3268 558 3354 Quo
576 3269 687 3367 igitur
709 3269 840 3342 melius
863 3273 901 3343 et
923 3267 1063 3342 facilius
1080 3290 1123 3342 ea
1139 3267 1261 3342 omnia

205 3411 286 3485 quae
311 3387 357 3459 ad
385 3385 590 3460 Homerum
613 3390 783 3484 spectant
804 3383 843 3458 in
863 3408 979 3458 unum
1002 3409 1134 3482 corpus
1161 3408 1259 3459 eom·

205 3502 366 3600 pingam,
393 3509 518 3577 totum
551 3526 645 3600 opus
679 3502 718 3575 in
745 3507 820 3576 tres
846 3507 968 3600 partes
997 3501 1194 3575 distribuo:
1221 3501 1261 3573 in

204 3619 322 3716 prima
351 3643 470 3694 mores
500 3625 538 3692 et
565 3619 685 3694 studia
708 3619 942 3717 populorum,
969 3618 1174 3716 disciplinas
1208 3617 1260 3691 ci-

205 3735 308 3824 viles,
327 3736 459 3810 artium
485 3744 523 3812 et
543 3737 777 3812 scientiarum
800 3743 949 3826 statum,
967 3735 1102 3832 linguae
1125 3735 1262 3808 Graeeae

205 3855 457 3952 proprietates,
479 3861 517 3930 et
537 3864 667 3930 caetera
688 3854 904 3943 istiusmodi,
929 3879 1010 3952 quae
1032 3853 1154 3929 Poetae
1176 3854 1262 3928 sub·

207 3970 298 4044 sidia
328 3980 365 4046 et
395 3973 685 4069 suppellectilem
710 3971 811 4045 haud
836 3969 1019 4047 immerito
1048 3971 1261 4070 appellares,

206 4086 365 4162 breviter
391 4087 570 4185 attingere
599 4087 787 4162 destinavi.
839 4087 951 4164 Hisce
980 4089 1185 4187 premissis,
1216 4091 1264 4164 ad

208 4206 360 4279 alteram
376 4211 529 4303 partem,
544 4227 625 4304 quae
641 4204 681 4277 in
696 4203 810 4302 ipsius
826 4211 945 4304 poetae
961 4204 1176 4280 excellentia
1184 4209 1265 4279 tota

209 4326 391 4412 versatur,
423 4322 557 4398 rectius
592 4321 835 4398 deveniemus.
888 4321 1139 4424 Supplementi
1168 4323 1262 4410 loco,
