3058 4902
300 305 366 370 306
559 317 773 366 amnone
792 316 1094 366 necrus-ocrim.

304 465 400 552 vetit,
425 487 500 538 non
526 463 659 538 desunt
685 467 861 563 exemplo.
913 463 1013 538 Nolo
1041 464 1189 562 quidem
1214 466 1293 562 ipse
1320 465 1365 540 in

302 581 381 653 istis
410 587 554 677 tempus
584 589 809 667 consumere,
841 581 905 654 sed
934 581 981 652 ed
1011 580 1185 654 contrarii
1217 580 1365 676 generis

302 696 512 792 exemplum
545 719 604 769 me
638 697 832 780 conferam,
868 696 915 768 ad
949 693 1241 792 Sbakespearum
1274 721 1365 770 nos-

303 823 413 897 trum,
450 812 513 908 qui
547 835 626 884 eam
660 835 767 908 quam
809 811 1024 907 requirimus
1058 811 1142 884 vitm
1175 812 1361 898 bumanae,

303 952 457 1014 morum,
477 937 514 1000 et
539 951 776 1022 personarum
793 927 982 1000 seientiam
1008 950 1081 1022 prae
1106 927 1229 1000 nativa
1246 927 1363 1000 animi

303 1043 552 1138 magnitudine
585 1053 622 1116 et
649 1042 815 1116 acumine
854 1041 922 1116 sibi
952 1051 1248 1139 comparaverat3
1284 1068 1362 1138 quo

305 1184 410 1232 nemo
428 1160 567 1232 felicius
594 1159 723 1231 intima
739 1158 929 1230 bominum
947 1158 1145 1254 praecordia
1169 1182 1362 1254 perspexe-

304 1283 371 1360 rat,
398 1282 464 1348 aut
490 1275 639 1371 privotoe
667 1281 706 1346 et
730 1274 884 1370 publica
910 1272 994 1346 vitae
1023 1272 1140 1346 officia
1163 1275 1362 1369 perlustra·

304 1397 416 1464 verat.
467 1389 694 1462 Desideravit
719 1390 817 1462 idem
843 1388 931 1461 artis
957 1389 1115 1462 nitorem
1140 1403 1178 1460 et
1203 1391 1361 1478 cultum,

304 1532 421 1603 neque
447 1508 622 1580 didicerat
647 1530 814 1602 quaenam
840 1505 888 1578 sit
912 1504 1074 1600 legitima
1090 1505 1236 1577 Fabulae
1262 1529 1361 1579 oom-

305 1648 414 1721 pages
432 1631 468 1696 et
485 1647 569 1695 vera
586 1623 786 1718 integritas,
805 1645 924 1717 neque
940 1621 1055 1694 totius
1067 1621 1206 1716 justam
1224 1622 1362 1718 magni-

304 1739 467 1812 tudinem
494 1762 611 1834 neque
637 1737 795 1834 partium
812 1736 906 1808 inter
928 1761 968 1810 se
993 1736 1170 1810 rationem
1193 1737 1361 1834 respicie-

304 1855 378 1928 bat.
430 1853 487 1927 Ex
505 1854 573 1926 bac
589 1861 691 1950 parte
708 1853 808 1926 rudis
825 1860 863 1925 et
879 1853 1049 1926 indoctus
1065 1851 1112 1925 ad
1129 1853 1361 1926 scribendum

304 1994 344 2044 se
363 1970 527 2044 contulit.
581 1969 704 2066 Spirat
720 1975 842 2042 tamen
870 1969 908 2040 in
933 1970 1012 2065 ejus
1038 1968 1183 2065 scriptis
1201 1993 1288 2042 vera
1303 1969 1361 2042 vis

303 2083 455 2179 Tragion
467 2117 476 2172 ;
503 2110 620 2182 neque
649 2085 840 2180 quisquam
870 2084 1003 2157 certius
1025 2084 1172 2157 lectoris
1196 2084 1362 2158 animum

305 2203 400 2298 rapit
424 2227 641 2301 quocunque
666 2201 765 2289 velit,
794 2212 858 2275 aut
886 2201 925 2274 in
951 2225 1094 2274 summa
1118 2200 1362 2274 oblectatione

303 2317 525 2414 gravioribus
542 2319 729 2414 praeceptis
742 2328 778 2391 et
792 2316 937 2390 monitis
955 2315 1097 2389 imbuit.
1130 2315 1225 2400 Quae
1237 2317 1362 2390 omnia

304 2461 389 2510 cum
409 2436 447 2508 in
464 2435 602 2508 crateris
628 2436 707 2531 ejus
725 2434 870 2530 scriptis
896 2432 1142 2520 inveniuntur,
1160 2439 1239 2506 tum
1258 2432 1297 2504 in
1314 2433 1361 2506 iis

305 2577 385 2648 quae
407 2551 591 2626 Historica
607 2562 784 2625 vocantur
800 2549 986 2622 Dramata.
1038 2549 1269 2644 Argumenta
1293 2573 1361 2622 sua

305 2669 506 2766 desumpsit
531 2669 643 2742 Poeta
669 2693 713 2741 ex
738 2665 892 2741 vetustis
909 2665 1112 2738 Annalibus
1138 2666 1271 2763 quibus
1296 2667 1360 2739 vix

306 2787 420 2880 magis
438 2786 583 2858 horrida
599 2792 636 2857 et
656 2784 838 2879 incompta
860 2782 971 2855 fuisse
989 2781 1200 2855 crediderim
1218 2806 1262 2855 ea
1279 2805 1361 2878 quae

304 2903 529 2974 celebrantur
540 2901 762 2973 Pontificum
774 2899 1023 2972 Romanorum
1040 2907 1280 2970 monumenta
1295 2908 1362 2972 aut

304 3015 406 3088 Fabii
419 3017 589 3090 Annales.
623 3016 736 3088 Nulla
751 3013 790 3085 in
808 3013 879 3086 illis
896 3013 984 3086 artis
1001 3020 1067 3086 aut
1083 3012 1361 3110 compositionis

206 3203 211 3212 ,
305 3131 468 3226 vestigia,
487 3132 588 3204 nullo
615 3131 684 3203 nisi
711 3129 884 3225 temporis
909 3129 1034 3203 ordine
1060 3138 1204 3202 servato
1221 3133 1361 3200 temere

305 3246 601 3318 consarcinantur
628 3244 760 3331 omnia,
789 3267 906 3340 neque
932 3245 1046 3316 ullum
1076 3243 1211 3317 habent
1237 3243 1359 3316 eonsi-

305 3360 395 3434 lium
412 3386 536 3435 eorum
555 3362 737 3434 Authores
761 3360 829 3433 nisi
848 3370 889 3433 ut
906 3359 1022 3434 fidelis
1046 3384 1166 3432 rerum
1183 3359 1360 3432 memoria

304 3488 588 3564 conservaretur,
606 3501 723 3574 neque
739 3477 848 3549 aliam
865 3484 1094 3572 aucupantur
1109 3475 1265 3549 laudem.
1293 3475 1358 3549 vi-

304 3592 360 3665 dit
384 3603 506 3666 antem
530 3593 643 3667 Poeta
669 3592 732 3665 illo
762 3616 836 3688 quo
866 3593 1023 3687 pollebat
1051 3591 1163 3664 animi
1192 3591 1359 3666 acumine

304 3734 399 3806 saepe
433 3710 541 3782 iniis
567 3710 758 3782 bominum
787 3709 947 3782 moribus
973 3716 1011 3780 et
1037 3709 1200 3804 personis
1225 3709 1358 3782 descri-

304 3825 429 3898 bendis
447 3826 569 3898 locum
587 3824 687 3898 dari:
706 3825 888 3900 incidebat
906 3823 1078 3898 nimirum
1094 3824 1303 3922 frequenter
1318 3825 1358 3898 in

303 3965 361 4014 res
387 3947 505 4038 gestas
529 3965 608 4037 quae
632 3965 676 4012 ex
703 3940 862 4012 moribus
880 3939 1071 4014 bominum
1095 3941 1269 4036 originem
1294 3940 1356 4012 ba·

304 4056 424 4129 buisse
453 4057 677 4143 videbantur,
708 4057 767 4128 vel
801 4058 930 4130 saltem
960 4080 1131 4152 magnam
1165 4081 1251 4130 eum
1285 4055 1356 4130 illis

305 4171 527 4244 societatem.
580 4171 691 4269 Siqua
716 4171 827 4267 igitur
852 4171 1061 4268 hujusmodi
1087 4172 1266 4269 particula
1292 4197 1353 4246 oc-

304 4286 481 4372 currebat,
512 4287 605 4360 banc
633 4287 701 4361 sibi
731 4288 932 4385 desumpsit
961 4293 1001 4370 et
1027 4289 1169 4362 ornavit
1198 4287 1354 4362 dictione
