3094 4898
338 1233 733 1330 PRAELEOTIO
785 1235 1150 1332 UNDEOIMA.

599 1485 878 1498 ———-

273 1647 542 1732 UANQUAM
566 1648 752 1722 nonnullis
774 1649 926 1723 sortasse
952 1649 989 1722 in
1009 1648 1265 1723 Grammaticis

297 1765 445 1860 argutiis
469 1767 557 1839 satis
579 1763 656 1862 jam
678 1763 811 1839 versati
832 1763 945 1838 fuisse
967 1766 1169 1853 videamur,
1188 1791 1265 1839 rem

217 1893 340 1966 tamen
363 1883 525 1956 nondum
549 1884 752 1957 absolutam
777 1879 911 1956 iterum
934 1882 1105 1978 attingo«
1136 1883 1267 1956 Restat

80 2053 83 2060 -
217 2001 314 2072 enim
338 2000 441 2074 nobis
466 1999 690 2097 exploranda
711 1999 865 2084 istorum
882 2002 1144 2073 vocabulorum
1161 1999 1266 2088 ratic,

217 2141 372 2212 quorum
389 2119 507 2191 omnis
524 2142 614 2192 usus
640 2119 676 2190 in
702 2117 839 2190 caeteris
857 2115 1067 2192 deliniendis
1091 2127 1126 2190 et
1145 2117 1268 2190 devin-

217 2233 351 2306 ciendis
375 2233 606 2330 conspicitur,
626 2261 707 2332 quae
724 2259 930 2332 quanquam
952 2236 1101 2308 seorsim
1122 2245 1271 2331 sumpta

216 2349 307 2422 nihil
323 2335 500 2424 valenter
523 2375 633 2425 sensu
650 2363 785 2439 carent,
805 2353 849 2425 ad
876 2352 1127 2448 complendam
1144 2359 1269 2424 tamen

218 2466 356 2540 Graecae
380 2467 514 2563 linguae
541 2469 791 2542 excellentiam
817 2469 940 2564 magui
969 2480 1055 2540 sunt
1079 2469 1267 2541 momenti.

164 2624 181 2642 ··
219 2584 344 2658 Restat
374 2585 483 2657 etiam
515 2585 737 2681 exploranda
766 2586 956 2658 verborum
978 2585 1082 2656 ‘inter
1108 2607 1147 2656 se
1177 2582 1268 2678 Syn-

217 2700 323 2788 taxiS,
343 2725 459 2798 neque
477 2724 536 2773 me
554 2700 654 2798 piget
679 2701 716 2772 in
734 2701 842 2774 hasce
868 2723 971 2772 curas
987 2699 1122 2771 iterum
1140 2699 1267 2771 delabi.
1334 2737 1341 2748 ·

217 2816 358 2898 Exilem
383 2825 482 2890 certe
508 2819 572 2890 sed
598 2841 671 2890 non
695 2817 858 2914 jejunam
882 2815 1116 2913 quaestionem
1139 2822 1270 2887 tracta-

218 2958 311 3006 mus.
364 2934 487 3007 Habet
516 2936 612 3008 enim
648 2946 684 3008 et
714 2908 923 3008 acerrimam
953 2933 1064 3006 animi
1098 2933 1270 3006 exercita·

216 3052 368 3138 tionem,
398 3061 434 3124 et
464 3053 515 3125 rei
546 3060 730 3126 vetustate
756 3052 829 3124 fere
857 3052 1025 3148 collapsae
1056 3049 1270 3124 recordatio·
1299 3059 1302 3064 '

217 3191 313 3254 nem,
349 3191 468 3263 neque
508 3169 656 3264 indigna
690 3179 745 3241 est
779 3192 860 3265 quae
899 3167 994 3241 intra
1028 3168 1270 3266 Philosophiae

217 3291 320 3379 septa
350 3283 473 3356 locum
500 3283 568 3357 sibi
595 3283 779 3369 vindicet;
817 3284 1048 3382 subsequitur
1076 3285 1173 3359 enirn
1203 3287 1270 3360 hac

216 3409 382 3497 exparte
401 3399 527 3473 Graeca
544 3401 667 3496 lingua
683 3426 805 3474 rerum
829 3411 1008 3488 naturam,
1028 3427 1108 3499 quae
1126 3413 1162 3475 et
1182 3402 1270 3498 ipsae

218 3539 293 3588 non
316 3515 470 3613 simplici
488 3517 566 3590 vice
590 3519 653 3590 sed
676 3517 767 3591 mira
790 3543 876 3592 cum
896 3515 1095 3592 subtilitate
1121 3519 1215 3590 inter
1232 3542 1271 3591 se

218 3631 445 3727 colligantur.
538 3629 545 3644 ’

267 3746 413 3821 Horum
442 3749 552 3846 igitur
581 3749 854 3824 Vocabulorum
889 3763 963 3824 tres
999 3756 1085 3824 sunt
1119 3747 1267 3844 species.

216 3864 419 3954 Articulus,
447 3866 673 3964 Praepositio,
706 3867 1024 3965 conjunctio-de
1055 3867 1187 3962 quibus
1219 3865 1270 3939 ita
1327 3866 1332 3875 ’

217 3982 365 4056 demum
392 3990 490 4057 recte
521 3991 733 4074 statuemus,
763 3986 795 4058 si
829 3986 973 4080 singula
1001 3984 1158 4057 breviter
1187 4007 1269 4079 per-

216 4109 432 4173 scrutemur.

268 4214 431 4290 Unicum
461 4217 596 4290 habent
624 4217 742 4289 Graeci
768 4214 988 4300 Articulum,
1017 4216 1121 4311 cujus
1148 4220 1270 4285 tamen

217 4331 386 4430 frequens
414 4344 468 4407 est
499 4339 536 4406 et
566 4332 757 4429 multiplex
783 4357 882 4407 usus.
936 4331 1053 4406 Facile
1077 4331 1124 4403 ad
1151 4315 1268 4402 Gene-
