3058 4902
471 291 683 340 enarrarre
709 289 1021 339 mensim-Parui.
1201 276 1264 341 361

213 435 359 510 assidua
385 461 472 510 cura
502 440 743 536 invigilemus,
771 439 926 536 optimas
957 437 1068 511 animi
1095 439 1198 513 dotes
1229 445 1267 510 et

210 553 528 651 praestantissimas
545 557 699 630 virtutes
720 556 883 652 inquinat
903 565 938 628 et
957 557 1141 652 depravat,
1158 581 1266 652 quam

211 669 454 766 periculosum
472 679 528 745 est
551 675 655 746 malis
680 673 869 746 affectibus
886 673 944 744 vel
968 678 1154 746 momento
1171 679 1266 745 tem-

212 786 310 881 poris
327 787 440 860 fraena
457 789 552 875 dare,
572 797 609 861 et
635 814 656 862 a
682 796 783 861 recta
799 787 947 861 virtutis
973 789 1103 862 semita
1120 814 1267 884 gressus

213 904 412 977 deflectere.
466 905 624 992 Fortem,
656 906 864 992 honestum,
892 906 1018 1002 pat-riae
1049 917 1086 979 et
1117 929 1267 980 suorum

212 1019 499 1094 amantissimum
530 1021 690 1095 Hectora
717 1021 829 1094 nimia
855 1023 893 1095 in
921 1047 1096 1119 prospera
1121 1023 1267 1096 fortuna

145 1155 150 1170 ¹
212 1137 344 1210 fiducia
361 1148 397 1210 et
415 1138 593 1211 exultatio
613 1137 722 1212 morti
740 1140 841 1211 dedit
855 1171 917 1211 :-

368 1275 403 1336 ’A
419 1281 493 1346 δῶκ’,
508 1282 570 1337 οὐδέ
579 1304 604 1335 τι
617 1282 658 1336 τοὶ
672 1281 780 1338 θάνατοι
794 1280 949 1346 καταθύμιός
963 1281 1046 1344 ἔστιν,

369 1375 419 1434 'Or
433 1377 463 1448 δὴ
477 1401 517 1433 τοι
532 1379 630 1450 σχεδόν
640 1379 707 1434 ἐστὶ·
732 1379 767 1433 σὺ
781 1377 803 1432 δ’
818 1379 937 1449 ἄμβροτα
951 1375 1044 1448 τεύχεα
1058 1375 1142 1432 δύνεις

370 1473 478 1546 Ἀνδρὸο
490 1474 623 1548 ἀριστῆος,
639 1477 685 1531 τόν
697 1497 725 1529 τε
739 1475 879 1548 τρομέουσι
893 1477 935 1529 καὶ
948 1475 1026 1528 ἄλλοι
1036 1485 1057 1542 ¹²,

215 1600 325 1672 verba
350 1607 437 1673 sunt
453 1599 557 1674 Jovis
585 1625 668 1674 eum
687 1600 842 1673 Patrocli
868 1599 995 1696 spoliis
1023 1605 1133 1694 atque
1159 1597 1268 1669 armis

214 1715 365 1789 Achillis
395 1715 549 1790 nimium
579 1729 750 1790 ovantem
780 1717 1013 1814 deplorantis.
1076 1715 1268 1787 intuemur

215 1832 371 1926 denique
405 1832 559 1906 istomm
589 1859 751 1907 errorum
782 1857 997 1930 progressus
1028 1840 1065 1905 et
1094 1831 1264 1918 remedia,

217 1950 280 2044 qui
305 1949 416 2024 initiis
443 1949 518 2023 suis
539 1957 615 2022 tam
639 1950 758 2046 exigui
781 1956 868 2023 sunt
895 1957 933 2022 et
958 1949 1112 2034 fallaceS,
1133 1957 1267 2021 eventu

217 2076 292 2138 tam
317 2067 502 2140 exitiales:
538 2067 635 2139 uude
662 2075 700 2140 ct
724 2066 828 2141 facile
855 2065 1038 2140 constabit
1062 2090 1134 2163 quo
1158 2075 1265 2161 pacto

216 2193 359 2256 nostras
386 2193 524 2256 mentes
554 2185 680 2258 eadem
709 2185 790 2257 lube
818 2184 1050 2259 intaminatae
1077 2206 1265 2256 conserve-

216 2323 309 2372 mus.
336 2299 467 2397 Neque
479 2301 549 2374 aiia
560 2300 682 2398 potius
696 2301 740 2374 de
753 2325 862 2375 causa
876 2300 964 2372 mihi
979 2299 1121 2372 videtur
1134 2297 1265 2370 Strabo

217 2417 261 2488 de
288 2418 389 2514 poesi
415 2425 453 2489 ct
482 2419 560 2513 ejus
586 2417 787 2491 cultoribus
817 2415 1006 2511 magnifice
1031 2413 1265 2512 pronuntiare

217 2559 301 2606 curn
330 2534 546 2607 excellentia
575 2544 693 2631 poetae
720 2533 952 2628 conjunctam
979 2555 1059 2604 esse
1087 2531 1265 2604 excellen-

216 2650 305 2722 tiam
334 2650 513 2724 hominis:
549 2676 623 2724 non
650 2651 746 2723 enim
772 2651 886 2722 alium
915 2671 1021 2745 posse
1044 2653 1120 2720 tam
1146 2670 1265 2719 acrem

218 2769 365 2842 virtutis
390 2793 536 2842 sensum
564 2771 744 2842 concitare
762 2767 830 2840 nisi
856 2765 918 2863 qui
943 2765 1021 2863 ipse
1047 2764 1203 2838 eundem
1229 2763 1266 2834 in

217 2885 347 2958 intimo
363 2887 470 2959 corde
487 2885 704 2982 conceperit,
720 2883 837 2981 neque
855 2882 963 2957 alium
982 2905 1088 2980 posse
1105 2905 1267 2953 errorum

218 3003 462 3075 humanorum
489 3001 638 3076 latentia
662 3001 800 3075 semina
825 3010 861 3074 et
887 3000 1003 3098 prima
1030 2998 1186 3072 divortia
1207 2997 1266 3070 de-

219 3119 361 3215 signare
391 3120 460 3192 nisi
491 3119 552 3217 qui
581 3120 659 3216 ipse
686 3119 755 3192 hac
782 3117 932 3191 scientia
962 3117 1075 3213 probe
1104 3114 1267 3187 imbutus

217 3240 439 3322 suerit—015
455 3238 528 3344 γὰρ
557 3239 652 3319 οὕτω
677 3233 887 3346 φαμὲντὴν
909 3241 984 3317 τῶν
999 3240 1163 3335 ποιητῶν
1183 3231 1266 3336 ἁρε-

218 3364 287 3468 τὴν
317 3371 365 3453 ὡς
396 3364 419 3470 ἢ
451 3361 632 3449 τεκτόνων
661 3363 684 3468 ἢ
718 3361 902 3472 χαλκέων,
931 3364 1017 3445 ἀλλ’
1053 3366 1171 3463 ἐκείνη
1201 3359 1270 3461 μέν

219 3495 368 3582 οὐδενὸς
402 3498 524 3601 ἔχεται
556 3499 673 3576 καλοῦ
705 3499 765 3576 καὶ
793 3496 946 3595 σεμνοῦ·
983 3494 1006 3594 ἠ
1041 3489 1082 3572 δὲ
1112 3492 1269 3591 ποιητοῦ

215 3623 455 3728 συνέζευκται
489 3627 534 3731 τῇ
572 3628 639 3706 τοῦ
675 3622 883 3730 ἀνθρώπου,
916 3625 976 3702 καὶ
1014 3621 1081 3700 οὐκ
1118 3618 1199 3699 ὀἷον
1228 3652 1269 3697 τε

217 3752 362 3855 ἀγαθὸν
387 3754 565 3856 γενέσθαι
592 3749 750 3856 ποιητὴν
777 3748 829 3853 μὴ
857 3746 1042 3856 πρότερον
1066 3739 1270 3852 γειορθέντα

214 3881 335 3986 ἄνδρα
354 3880 496 3984 ἀγαθὸν
505 3895 530 3963 ⁰.

293 4088 365 4147 ²1l.
382 4101 409 4146 Ρ.
424 4106 490 4146 201.
868 4093 881 4123 ⁰
903 4081 1013 4154 δίναν,
1029 4079 1047 4138 l.
1065 4079 1083 4138 i.
1100 4099 1128 4159 p.
1144 4098 1187 4158 ¹7·
