3058 4908
498 324 710 373 rauracus
733 323 958 373 ououscrru.
1192 315 1257 378 213

200 471 285 546 darn
311 483 347 548 et
374 480 535 570 systema
560 475 736 548 coaluisse
760 475 965 549 haberetur.
1020 473 1123 549 Illius
1149 499 1259 571 opera

198 601 381 665 eteorum
399 594 461 690 qui
479 617 564 667 eum
581 595 698 667 secuti
717 602 803 668 sunt
820 594 1025 668 fabularum
1044 593 1152 668 series
1171 618 1257 667 con-

198 709 284 781 ficta
309 717 366 782 est
384 731 465 805 quae
492 721 643 804 receptae
670 710 763 783 soret
783 699 1032 785 authoritatis.
1087 711 1170 784 Hoc
1188 712 1257 784 sal-

199 833 274 900 tem
300 851 410 900 sensu
436 826 498 902 illa
523 827 703 902 Herodoti
728 829 843 926 accipi
865 830 986 904 velim.
1039 829 1124 904 Hoc
1149 854 1258 904 sensu

199 945 351 1017 nomina
368 950 405 1016 et
422 945 550 1018 titulos
568 945 705 1020 Graecis
723 947 935 1021 numinibus
953 948 1135 1043 assignare
1151 954 1258 1045 potu·

198 1060 313 1135 issent
339 1062 525 1134 Homerus
555 1069 593 1136 et
619 1062 815 1148 Hesiodus,
841 1089 907 1137 sua
933 1063 1044 1138 etiam
1070 1065 1196 1138 munia
1220 1071 1259 1138 et

200 1177 357 1252 honores
375 1177 488 1251 cuivis
507 1177 733 1254 distribuere.
785 1178 1005 1278 Habuerunt
1023 1205 1122 1255 nunc
1139 1181 1258 1255 Graeci

200 1320 298 1391 quos
318 1296 356 1367 in
383 1295 452 1369 hac
477 1321 516 1369 re
543 1298 785 1371 consulerent.
839 1299 1056 1372 Habuerunt
1086 1299 1257 1374 authores

199 1411 393 1509 religionis,
414 1437 489 1486 non
513 1438 576 1486 eus
599 1414 747 1510 quidem
771 1415 833 1512 qui
857 1415 997 1488 subulas
1024 1423 1061 1488 et
1089 1416 1180 1489 ritus
1203 1416 1257 1488 in·

200 1537 385 1618 venerant,
411 1530 474 1603 sed
501 1530 563 1627 qui
589 1556 751 1628 sparsam
776 1532 964 1605 materiam
989 1532 1028 1606 in
1056 1557 1170 1606 unum
1196 1556 1257 1605 co·

200 1655 360 1742 egerant,
380 1647 443 1746 qui
463 1648 623 1722 historiae
648 1657 726 1722 tum
752 1648 1013 1746 antiquissimae
1030 1657 1111 1723 tum
1137 1673 1257 1722 recen-

199 1764 303 1838 tioris
329 1772 583 1853 monumenta,
609 1765 702 1840 ritus
728 1771 811 1838 tum
837 1791 1050 1841 communes
1077 1779 1159 1840 turn
1185 1764 1256 1839 sin-

200 1883 295 1978 gulis
322 1883 491 1978 gentibus
517 1883 694 1980 proprios,
714 1884 777 1979 qui
802 1883 976 1980 Physicas
1003 1885 1114 1958 etiam
1139 1893 1176 1957 et
1192 1883 1258 1957 At-

199 1997 374 2095 legoricas
392 1999 540 2072 sabellos
557 2000 670 2073 literis
689 2000 1001 2095 consignaverunt.
1037 2001 1163 2097 Atque
1181 1999 1259 2073 haec

199 2115 347 2212 quidem
381 2116 505 2190 omhia
544 2117 634 2189 mihi
668 2142 786 2214 neque
827 2117 1006 2214 probabili
1048 2118 1260 2214 conjectura

198 2257 319 2306 carere
347 2234 529 2322 videntur,
561 2259 679 2331 neque
710 2258 784 2308 non
813 2233 1019 2307 universam
1048 2259 1127 2307 rem
1159 2257 1257 2307 com-

198 2351 321 2448 plecti.
375 2350 419 2424 ln
436 2375 474 2424 re
492 2360 567 2425 tam
591 2353 746 2425 obscura
768 2359 806 2425 et
822 2358 969 2425 vetusta
988 2351 1122 2425 frustra
1139 2375 1259 2447 spera-

200 2493 282 2542 mus
300 2465 443 2564 singula
455 2469 523 2541 sub
542 2469 617 2542 suis
634 2469 812 2567 capitibus
830 2469 994 2542 ordinate
1007 2467 1256 2541 distribuere¹.

198 2585 274 2658 Alii
303 2584 446 2659 iuterim
474 2585 513 2658 in
540 2585 640 2660 hisce
666 2584 798 2659 sabulis
827 2584 963 2658 Graecae
988 2582 1150 2657 historiae
1177 2608 1257 2678 per-

199 2709 348 2800 petuam
366 2703 495 2775 seriem
513 2701 580 2777 sibi
597 2703 767 2775 videntur
783 2701 957 2790 invenire,
976 2711 1086 2797 atque
1109 2723 1153 2772 eo
1178 2723 1256 2772 om·

199 2820 262 2893 nia
278 2819 507 2916 detorquent.
559 2817 636 2892 Alii
652 2826 781 2892 contra
798 2817 920 2892 omnia
940 2819 986 2891 ad
1004 2813 1258 2914 antiquissima

198 2943 377 3033 tempora,
397 2937 498 3010 nulla
521 2935 755 3010 distinctione
780 2937 887 3024 facta,
911 2935 1035 3008 reserri
1060 2934 1201 3020 volunt,
1221 2944 1258 3007 et

199 3055 246 3126 ad
272 3078 504 3127 communem
530 3053 694 3127 omnium
721 3054 795 3126 fere
820 3053 985 3148 gentium
1012 3051 1204 3125 historiam
1221 3062 1258 3125 et

199 3169 365 3266 origines.
418 3169 491 3242 Alii
517 3171 563 3243 ad
581 3171 813 3267 Allegoricas
839 3169 1154 3266 interpretationes
1181 3193 1257 3242 om·

199 3289 287 3361 nino
305 3287 531 3383 confugiunt,
551 3311 618 3360 nec
642 3287 712 3361 nisi
738 3277 862 3360 fictam
884 3296 922 3360 et
943 3286 1150 3360 simulatam
1168 3285 1257 3358 veri·

199 3407 286 3479 tatis
316 3405 473 3502 speciem
503 3405 541 3477 in
572 3404 628 3476 his
658 3405 768 3478 rebus
799 3414 1015 3500 agnoscunt,
1044 3427 1136 3498 quos
1166 3403 1257 3475 adeo

199 3547 326 3596 omnes
344 3521 453 3594 nimis
473 3546 518 3595 ex
540 3527 644 3618 parte
668 3523 887 3595 sententiam
911 3543 1016 3593 suam
1042 3518 1183 3592 dedisse
1200 3541 1256 3628 ar-

198 3641 336 3728 bitror;
367 3641 460 3712 male
484 3649 608 3712 autern
626 3640 670 3711 ad
699 3650 818 3712 totum
837 3637 1030 3710 transferre
1054 3659 1096 3709 ea
1114 3659 1194 3731 quae
1211 3659 1256 3707 ex

199 3765 302 3856 parte
326 3763 472 3829 tautum
497 3780 584 3828 vera
611 3764 709 3829 sunt.
762 3753 911 3827 Frustra
940 3754 1033 3826 euim
1061 3750 1185 3824 omnia
1210 3751 1257 3823 ad

197 3875 435 3948 recentiorem
461 3870 674 3978 Graecopum
700 3872 891 3946 historiam
916 3891 1142 3955 revocamus,
1170 3891 1256 3940 curn

197 3993 399 4089 primorum
439 3995 643 4085 parentum,
686 3990 832 4075 ducum,
867 3999 905 4062 et
941 4010 1082 4082 regum,
1117 3984 1256 4058 rituum

197 4109 310 4181 etiam
326 4105 644 4203 et'migratiouum
668 4111 905 4179 monumenta
930 4102 983 4176 ita
1004 4103 1042 4175 in
1067 4100 1256 4176 hominum

239 4280 252 4304 ¹
267 4275 387 4330 Καθόλου
400 4275 447 4344 μέν
460 4275 510 4348 γὰρ
524 4277 551 4331 ἐν
564 4277 619 4332 τοῖς
632 4275 706 4330 loro·
747 4298 792 4332 ror
819 4276 917 4343 τρόπον
944 4278 1041 4345 πικρῶς
1063 4271 1110 4340 τὴν
1132 4271 1255 4341 ἀλήθειαν
1305 4273 1313 4288 “

198 4357 334 4428 ρουμὲνοιε
348 4355 518 4427 μυθολογίαις
538 4355 584 4409 οὐκ
601 4356 629 4408 ἐκ
643 4376 706 4411 πον·
747 4357 912 4424 ἑξετάοτεον.
931 4350 1021 4408 Diod.
1034 4347 1103 4421 Sia,
1116 4347 1136 4405 l.
1148 4367 1177 4422 4.
1188 4365 1211 4406 e.
1226 4347 1254 4404 8.
