3058 4902
261 359 327 423 316
540 363 754 414 remorre
773 361 1035 410 oretur-rone

536 517 566 573 ἐν
577 515 709 586 στήθεσσι
722 516 913 586 καθαπτόμενος
926 515 1010 586 φίλων
1022 511 1096 586 imp.

420 621 518 692 Σιῆθοσ
531 621 559 676 tr*
572 619 675 692 πλήξοσ
688 621 794 692 κραδίην
806 618 917 690 ipsium
930 617 1012 692 pritip·
1148 693 1152 702 .

418 716 529 774 Τίτλσθι
543 715 574 786 δὴ
588 717 688 790 κραδίη,
704 717 745 770 καὶ
759 711 880 786 κύντερον
892 715 961 767 ἄλλο
974 709 1034 768 ποτ’
1049 707 1155 782 &uret

262 833 353 908 Haeo
377 841 433 908 est
457 835 518 907 illa
543 834 676 906 mentis
696 833 764 918 vis,
781 830 901 928 inquit
918 831 1055 916 Pleto⁸,
1073 853 1146 926 que
1170 830 1209 902 in
1235 853 1316 902 sese

262 951 368 1040 redit,
395 960 433 1024 et
460 975 585 1024 secum
610 960 785 1046 tauquam
811 973 894 1022 oum
921 947 991 1020 alia
1018 971 1057 1020 re
1082 946 1314 1042 colloquitur,

263 1068 378 1144 minas
403 1067 543 1164 ingerit,
562 1075 628 1140 eut
652 1067 823 1139 solatium
848 1063 1008 1152 adhibet,
1028 1074 1150 1137 monet
1175 1071 1212 1136 et
1238 1087 1316 1136 cas-

262 1184 355 1281 tigat
389 1207 478 1270 sese,
509 1194 546 1256 et
579 1183 769 1256 affectibus
803 1182 879 1256 suis
913 1181 1061 1252 demum
1095 1179 1316 1252 moderatur.

263 1299 394 1374 Varios
418 1300 529 1373 etiam
545 1298 630 1372 hinc
654 1297 738 1370 inde
754 1296 953 1372 dubitantis
978 1295 1091 1370 animi
1115 1306 1237 1370 motus
1254 1295 1317 1369 de-

264 1417 381 1514 pingit
398 1417 510 1490 Poeta
525 1447 586 1487 :-
853 1517 854 1522 Ἰ

483 1570 524 1581 -
536 1542 667 1598 πολλὰδὲ
681 1544 706 1596 οἱ
720 1542 811 1615 κραδίη
823 1543 945 1614 πόρφυρε
953 1536 968 1596 ¹.

484 1675 526 1686 ·-
538 1643 622 1702 πυκίν’
637 1647 665 1701 e'r
678 1645 825 1718 στὴθεσσιν
838 1643 1018 1716 &confixus
1029 1643 1199 1718 Ἀγαμέμνων

423 1741 533 1799 Νείοθεν
546 1743 574 1797 r’x
588 1743 721 1815 κρσδίησῑ.

265 1843 311 1917 In
334 1844 392 1917 his
417 1842 528 1940 igitur
552 1849 589 1916 et
618 1840 756 1915 oaeteris
782 1839 944 1937 ejusdem
972 1841 1114 1936 generis
1139 1841 1228 1914 loeis
1255 1865 1317 1938 ng·

265 1958 382 2035 noscit
409 1960 523 2033 Poeta
551 1968 767 2056 presentem
793 1956 928 2052 ubique
963 1966 1000 2029 et
1027 1967 1235 2052 promptam
1263 1982 1317 2031 ra·

265 2075 375 2150 tionis
392 2076 468 2148 vim
492 2086 530 2149 et
556 2098 738 2149 summam
761 2074 839 2170 ejus
864 2075 903 2146 in
920 2083 1042 2147 mente
1067 2073 1230 2148 humana
1255 2098 1317 2148 au·

265 2193 486 2268 thoritatem.
539 2193 701 2292 Singulis
718 2193 829 2267 etiem
846 2215 954 2265 suum
971 2192 1200 2290 colloquendi
1216 2193 1318 2268 habi-

265 2318 348 2385 tum
373 2314 411 2383 et
435 2334 600 2384 normam
623 2309 759 2406 passim
776 2309 905 2382 tribuit
928 2308 980 2382 ite
1004 2315 1048 2382 ut
1072 2334 1148 2383 non
1174 2317 1318 2383 tantum

267 2453 311 2501 ex
341 2453 381 2501 re
411 2428 475 2502 sed
504 2451 552 2501 ex
585 2451 739 2526 persona
772 2427 881 2500 etiam
910 2425 1067 2500 hominis
1100 2428 1318 2523 argumentis

266 2544 383 2618 formu
409 2551 446 2620 et
473 2546 573 2618 color
598 2544 759 2618 secedet.
812 2543 919 2617 Ratio
949 2542 1045 2615 euim
1072 2543 1234 2617 humana
1260 2551 1319 2617 ut·

267 2685 412 2759 cunque
447 2661 494 2736 sit
528 2662 651 2734 eadem
685 2666 723 2733 et
763 2660 831 2732 sibi
864 2665 1038 2733 constans
1077 2684 1145 2757 pro
1180 2659 1320 2734 diversa

267 2783 391 2852 tamen
411 2777 615 2852 conditione
631 2777 718 2850 vitae
740 2782 778 2850 et
800 2781 881 2849 toto
904 2800 1046 2849 morum
1064 2783 1261 2874 systemate
1282 2777 1321 2852 iu

269 2893 428 2968 diversas
458 2893 645 2991 opiniones
674 2892 762 2979 obit,
789 2916 907 2989 neque
932 2915 1006 2964 una
1034 2916 1176 2988 semper
1200 2893 1260 2968 via
1285 2900 1321 2967 et

268 3017 369 3083 certo
394 3033 502 3083 cursu
528 3010 574 3082 sd
599 3034 753 3106 scopum
769 3009 887 3081 tendit
912 3009 976 3082 sed
1002 3009 1101 3082 mille
1126 3008 1234 3082 habet
1257 3036 1320 3084 an·

268 3123 405 3201 fractus
423 3132 459 3200 et
476 3127 701 3200 diverticula.

320 3242 412 3316 Haec
441 3243 562 3340 itaque
591 3244 690 3317 iliam
720 3243 851 3316 mentis
876 3248 1019 3339 partem
1048 3249 1321 3341 spectantque

269 3360 416 3435 habitus
432 3369 488 3434 est
505 3358 730 3457 simplicioris
747 3369 784 3434 et
802 3358 1068 3433 constantioris.

320 3475 534 3549 affectuum
552 3475 672 3571 dispar
688 3482 745 3550 est
769 3474 873 3563 ratio,
891 3473 955 3573 qui
977 3481 1015 3548 et
1032 3499 1184 3550 numero
1200 3478 1321 3573 plures

271 3599 360 3666 suut
375 3597 413 3665 et
425 3591 523 3664 mille
541 3591 658 3665 modis
670 3591 766 3664 inter
778 3615 816 3664 se
832 3591 1106 3689 permiscentur.
1141 3593 1322 3668 Nostrum

271 3717 328 3782 est
357 3708 508 3783 Homeri
536 3733 582 3782 ex
610 3710 678 3783 hac
710 3719 813 3808 parte
846 3709 1035 3785 scientiam
1061 3710 1320 3804 demonstrare,

271 3825 429 3898 breviter
453 3825 612 3921 quidem,
637 3827 700 3901 sed
729 3826 781 3899 ita
803 3831 846 3898 ut
873 3826 1105 3900 ostendamus
1131 3849 1217 3900 eum
1242 3853 1322 3925 per·

271 3941 437 4014 calluisse
459 3963 580 4014 veram
605 3965 730 4015 eorum
754 3953 921 4015 naturam
947 3948 985 4015 et
1009 3941 1260 4040 proprietates,
1285 3953 1324 4018 et

272 4063 452 4153 quatenus
480 4055 548 4129 sibi
575 4055 732 4131 invioem
761 4063 826 4130 eut
855 4056 989 4131 rationi
1017 4057 1259 4155 subjiciuntur
1285 4069 1323 4134 et

311 4199 448 4279 ‘Odyrn
463 4213 494 4260 γ.
513 4218 558 4275 17.
856 4199 977 4263 ¹114.
996 4221 1063 4281 551·
1097 4205 1318 4286 Odper.n.427

311 4287 322 4311 ·
342 4278 383 4338 In
397 4278 549 4354 Pioedon„
565 4301 595 4360 p.
612 4299 660 4360 7¹·
691 4281 775 4343 Edit.
816 4299 935 4360 -5523
962 4293 998 4342 K.
1013 4301 1084 4360 309.

273 4357 382 4416 Fetus.
858 4371 872 4405 ⁸
891 4361 937 4421 ΙΙ.
955 4375 985 4421 K.
1003 4383 1040 4439 9.
