3094 4898
676 291 890 341 PnAEtztcrro
912 291 1036 340 sam.

473 439 579 498 Ὀσσον
592 439 652 503 σεΐ,
667 437 711 494 ὅτε
724 441 767 495 κέν
777 463 817 498 τις
828 441 942 513 Ἀχαιῶν
955 444 1157 512 χαλκοχιςῶνιιν

476 539 663 607 Δαιιριιόεσσαν
676 536 777 608 ὅγηται,
793 536 931 610 ε’λείιθερον
943 535 1011 610 ἦμαρ
1025 537 1149 610 ἀπούρας,

477 631 527 686 Kor'
538 651 582 684 κεν
595 631 622 685 ε’ν
629 628 724 702 Ἀργει
737 631 819 686 εὀῦσα
831 633 897 703 πρὸς
910 633 995 700 ἄλλος
1009 633 1084 687 ἶατὸν
1096 633 1225 702 ὑφαίνοις,

477 725 528 780 Καί
539 746 583 780 ιιεν
595 722 664 797 ὕδωρ
676 725 783 798 φορέοις
797 723 949 796 Μεσσηΐδος
963 727 978 797 ἢ
991 727 1134 811 ΙΥπεριιής,

475 819 561 875 Πόλλ’
576 821 740 890 ἀεκαζομένη,
752 823 861 898 κρατερὴ
876 822 898 877 δ’
913 821 1052 879 ἐπικείσετ’
1067 825 1173 894 ἀνάγκη.

476 916 528 972 Καί
539 916 605 970 ποτέ
617 938 655 972 τις
668 915 772 986 εἴπῃσιν
785 919 846 972 ἶδὸν
859 920 923 972 κατὰ
937 921 1018 992 δάκρυ
1030 921 1156 990 χέουσαν,

473 1011 599 1084 Ἕκτορος
611 1013 658 1082 ἥδε
670 1015 743 1084 γυνὴ,
759 1013 788 1070 ὃς
801 1013 971 1086 ἀριστεύεσκε
984 1014 1118 1086 μάχεσθαι

478 1109 572 1177 Τρώων
587 1109 746 1178 ἱπποδάμων,
761 1108 804 1164 ὅτε
817 1107 900 1165 Ἴλιον
913 1111 1110 1183 ἀμφεμάχοντο.

474 1202 523 1276 Ὦς
536 1203 600 1260 ποτέ
611 1225 651 1261 τις
665 1205 739 1276 ε’ρεέι·
760 1207 805 1261 σοὶ
818 1206 840 1261 δ’
855 1205 887 1261 αὖ
901 1206 958 1263 νέον
970 1207 1080 1264 ἔσσεται
1094 1205 1177 1279 ἄλγος

478 1299 557 1369 Χὴτεῖ
569 1299 663 1354 τοιοῦδ’
678 1300 769 1372 ἀνδρὸς
783 1299 887 1371 α’μῦνειιι
900 1301 1005 1358 δούλιον
1018 1299 1095 1373 ἦμαρ·

382 1401 386 1409 ’
475 1396 562 1454 Ἀλλά
573 1419 606 1468 με
619 1397 753 1453 τεθνειῶτα
765 1397 831 1469 χνεῆ
845 1400 908 1453 κατὰ
920 1401 981 1471 γαῖα
993 1397 1129 1462 καλύπτοι,

478 1494 546 1566 Πρίν
558 1491 585 1567 γ’
599 1494 637 1548 ἔτι
650 1497 700 1564 σῆς
712 1516 741 1549 τε
753 1496 828 1564 βοῆς,
843 1497 893 1548 σοῦ
907 1493 931 1548 θ’
944 1493 1084 1564 ἑλκηθμοῖο
1097 1491 1238 1548 πυθέσθαι.

320 1645 537 1720 Muneribus
554 1646 664 1720 etiam
681 1648 812 1721 oblatis
828 1672 978 1720 uxorem
1003 1672 1106 1721 suom
1123 1647 1180 1721 vir
1195 1645 1378 1721 ambiebat
1481 1637 1486 1644 ¹

321 1782 359 1849 et
375 1776 526 1848 domum
543 1773 777 1866 deducebut¹²,
795 1766 955 1847 ἐέδνοισι
975 1769 1139 1870 βρίσαςο.
1175 1775 1378 1873 Epularum

322 1897 360 1966 et
376 1879 637 1966 conviviorum
645 1898 771 1966 tantus
788 1899 865 1965 erat
883 1893 1012 1980 bonno,
1031 1903 1073 1967 ut
1090 1895 1129 1966 in
1146 1894 1217 1966 illis
1235 1895 1280 1967 de
1296 1917 1378 1988 gru·

320 2007 491 2083 vissumis
524 2009 632 2082 rebus
672 2009 863 2082 consilium
896 2009 1029 2082 inirent
1039 2018 1065 2096 ¹²,
1102 2034 1219 2107 neque
1253 2011 1378 2084 aberat

322 2124 489 2199 convivio
506 2123 695 2198 recentiori
718 2126 848 2198 saltem
864 2130 972 2198 aetatc
988 2137 1096 2204 vater
1112 2127 1176 2221 qui
1199 2126 1378 2222 majorum

320 2265 377 2314 res
403 2247 522 2338 gestos
547 2247 701 2314 caneret.
753 2240 922 2313 Venandi
947 2243 1058 2314 etiam
1088 2241 1185 2314 idem
1211 2241 1376 2314 studium

322 2358 420 2454 quod
437 2357 535 2453 opud
551 2357 707 2430 ferocem
731 2358 909 2453 populum
927 2363 965 2430 et
989 2357 1126 2430 bellicis
1150 2357 1258 2430 rebus
1275 2357 1377 2430 dedi·

321 2485 402 2548 tum
419 2473 492 2546 fere
518 2497 661 2571 semper
678 2475 801 2546 locum
826 2475 946 2547 habet.
999 2473 1138 2570 Magna
1162 2474 1274 2547 etiam
1298 2481 1378 2548 erat

323 2590 514 2666 Germanis
543 2591 626 2664 seni
652 2593 804 2688 penuria
831 2599 870 2666 et
895 2616 1025 2688 parom
1052 2615 1141 2665 usus
1152 2601 1178 2679 ‘¹‚
1206 2592 1304 2665 unde
1331 2593 1377 2665 de

322 2708 454 2783 artium
479 2708 732 2783 communium
758 2719 856 2782 statu
882 2710 1034 2783 eandem
1059 2709 1132 2782 fere
1150 2732 1260 2807 quam
1277 2709 1375 2805 apud

323 2824 470 2899 Graecos
504 2825 749 2923 conjecturam
790 2825 910 2898 facias.
977 2825 1087 2898 HIsce
1120 2825 1232 2922 igitur
1264 2826 1372 2898 rebus

322 2939 565 3014 Heroioorum
590 2947 798 3039 temporum
821 2941 935 3015 vitam
959 2941 1161 3016 referebant
1180 2940 1374 3028 Germaui;

323 3081 404 3152 quae
429 3057 575 3154 quidem
600 3058 722 3131 omnia
747 3081 857 3155 quem
882 3081 1014 3154 magne
1039 3069 1137 3146 sunt,
1165 3057 1376 3131 testimonio

323 3172 372 3245 sit
396 3172 545 3245 audacia
574 3171 644 3244 ista
669 3196 742 3268 qua
764 3173 973 3276 Romenum
999 3173 1192 3271 imperium
1216 3173 1375 3246 incursa-

323 3294 455 3361 verunt
467 3321 477 3374 ;
505 3287 711 3361 testimonio
738 3289 811 3362 siut
829 3288 984 3386 denique
1001 3288 1053 3362 ilii
1075 3287 1282 3363 recentioris
1308 3289 1377 3360 aevi

323 3406 468 3479 navales
493 3403 726 3478 Cimbrorum
751 3430 939 3482 excursus,
991 3406 1069 3479 Nec
1090 3431 1177 3480 vero
1203 3405 1303 3479 omni
1330 3429 1375 3477 ex

324 3529 427 3620 parte
443 3522 654 3596 referebant.
689 3523 907 3597 Mercaturae
933 3522 1068 3597 etenim
1085 3531 1122 3596 et
1148 3521 1376 3618 agricultmae

323 3665 454 3739 parum
479 3641 716 3728 studebant¹;
749 3664 816 3714 nec
842 3639 910 3713 nisi
935 3665 1000 3738 per
1015 3639 1113 3714 vices
1136 3663 1242 3736 agros
1267 3663 1375 3713 oocu-

364 3885 510 3944 'Tacitus
533 3883 569 3942 dc
592 3883 726 3944 Morcus
754 3880 829 3942 Ger-
910 3883 1059 3942 iracitur
1085 3881 1120 3941 de
1146 3883 1281 3944 Moribus
1302 3883 1378 3943 Ger-

323 3983 412 4030 man„
431 3982 457 4021 e.
477 3974 517 4022 18.
559 3961 644 4020 Idem
665 3961 728 4021 fere
752 3959 830 4039 apud
870 3981 990 4032 σιαιι.,α.
1004 3981 1050 4020 22.
1075 3961 1185 4022 Confer
1201 3964 1288 4021 Hom.
1297 3963 1344 4022 Il.
1356 3979 1379 4023 1.

325 4039 454 4098 Thr-occo
480 4059 544 4099 mor
569 4038 711 4100 obtinuit.
754 4043 830 4114 Ὠνὴ-
910 4049 924 4090 t
948 4040 1065 4101 Tacitus
1086 4043 1121 4100 de
1141 4041 1277 4102 Moribus
1300 4041 1377 4102 Ger·

325 4145 406 4256 ἷομρι
419 4125 613 4254 ῗραεξφνόμῳ.
654 4121 827 4180 Ζωιώια·
870 4133 1185 4258 ηιαιιιόθ.6.ᾱθΒΠο
1209 4199 1268 4258 (Η
1301 4199 1311 4258 l
1358 4201 1364 4212 ι

342 4217 507 4337 azuba-{u
523 4217 552 4274 p.
567 4221 625 4270 ⁵⁴¹·
869 4221 1031 4338 01ημιαν
1129 4219 1144 4258 e
1237 4222 1287 4272 a.‚
1314 4221 1378 4260 ,vn
