3058 4908
248 333 314 394 204
536 343 748 392 ramnnerro
768 342 993 391 oronncrnn.

249 504 286 567 et
311 492 436 568 Attica
460 493 595 567 diluvie
620 491 780 568 fabellae‘
792 525 802 582 ;
842 492 887 566 de
917 492 1055 567 Bacchi
1081 493 1236 590 denique
1264 499 1304 566 et

249 607 391 684 Cereris
416 610 611 698 erroribus
636 619 673 684 et
698 611 890 708 utriusque
916 609 1034 684 donia.
1085 610 1185 684 Hine
1206 609 1301 684 Bac-

248 726 359 799 chum
393 733 431 800 et
464 725 591 800 Iovem
625 751 734 800 suum
768 736 805 800 et
834 727 967 824 Libyes
1000 736 1037 801 et
1067 727 1237 825 AEgyptii
1265 737 1304 800 et

250 839 369 915 Graeci
395 852 433 915 et
452 841 535 914 Indi
557 841 693 939 pariter
718 841 787 915 sibi
809 841 1082 916 vindicant-et
1102 842 1206 940 siqua
1228 842 1303 915 sint

248 969 379 1034 cetera
396 960 560 1056 ejusdem
575 959 739 1054 generis;
761 983 828 1032 nee
840 983 926 1032 vero
942 957 1021 1032 haec
1038 959 1160 1032 omnie
1176 958 1302 1032 statim

247 1077 351 1150 nullo
364 1075 568 1150 discrimine
581 1076 628 1149 ad
641 1076 816 1173 primaeva
828 1085 993 1172 tempora
1005 1077 1169 1172 ablegare
1181 1076 1299 1163 velim,

249 1194 340 1268 illud
363 1203 509 1268 tantum
536 1193 629 1281 dico,
651 1192 769 1266 inesse
791 1194 829 1266 in
850 1193 907 1266 his
933 1194 1042 1267 rebus
1065 1201 1303 1267 monumenta

247 1312 414 1408 quaedam
448 1334 529 1407 quae
558 1309 759 1383 vetustiora
792 1317 878 1384 sunt
905 1334 1016 1406 quam
1049 1335 1130 1407 quae
1165 1309 1302 1406 Graecis

247 1428 333 1503 solis
361 1427 588 1501 conveniant.
640 1426 767 1500 Altera
790 1450 875 1524 pars
903 1425 1195 1530 Graeciae‘magis
1217 1451 1301 1522 pro·

248 1546 326 1644 pria
352 1551 420 1629 est,
445 1545 484 1617 in
511 1545 702 1618 recentiori
728 1550 835 1617 aetete
862 1543 1038 1632 consistit,
1067 1567 1185 1640 neque
1211 1544 1301 1617 adeo

246 1665 354 1757 longe
371 1663 468 1735 ultra
484 1660 632 1756 Trojani
657 1661 742 1734 belli
759 1672 922 1758 tempora
945 1661 1114 1755 assurgit,
1133 1661 1186 1733 ita
1202 1661 1300 1733 enim

246 1780 308 1851 illo
333 1778 454 1850 Poetae
480 1777 628 1874 accipio,
648 1802 729 1874 qnae
754 1779 799 1851 de
827 1778 997 1864 Hercule,
1016 1777 1166 1862 Theseo,
1191 1785 1229 1848 et
1255 1777 1300 1850 de

246 1895 430 1968 Herorum
448 1894 591 1967 familiis
608 1895 670 1967 vix
696 1901 800 1967 extra
825 1919 974 1968 suorum
992 1900 1200 1990 temporum
1226 1918 1298 1967 me-

247 2013 400 2086 moriam
418 2012 546 2109 positis
564 2019 810 2085 memorantur
824 2043 886 2083 :—

407 2162 467 2218 Οἷον
482 2164 620 2236 Πειρίθοόν
633 2187 671 2232 τε,
685 2163 803 2236 Δρύαντά
817 2186 853 2228 τε,
868 2163 977 2232 ποιμένα
987 2164 1067 2230 taor,

408 2263 501 2316 Καινέα
513 2259 547 2330 τ’,
563 2259 684 2328 Ἐξάδιόν
696 2285 734 2328 τε,
750 2264 792 2316 καὶ
805 2260 922 2315 ἂντὶθεον
936 2259 1108 2331 Πολύφημον,

405 2357 493 2424 epeia
507 2355 529 2410 r’
545 2357 672 2430 Αἶγιὶδην,
687 2357 831 2411 ἐπιείκελον
844 2355 1006 2418 ἀθανάτοισι,

406 2456 454 2507 lici
467 2457 514 2524 μὲν
527 2458 612 2508 τοῖσιν
627 2455 677 2525 ἐγὼ
690 2453 877 2523 μεθυμιλεονῑ,

247 2615 362 2686 neque
386 2563 479 2661 euim
505 2589 556 2662 ita
574 2596 794 2663 vetustatem
814 2595 1042 2687 aucupantur
1060 2585 1235 2676 homines,
1255 2596 1299 2662 ut

246 2707 486 2779 recentiorum
524 2708 623 2780 nulla
657 2707 704 2779 sit
739 2708 921 2800 memoria,
955 2731 1071 2803 neque
1105 2731 1231 2802 regum
1262 2719 1300 2779 et

245 2825 380 2896 ducum
413 2849 563 2896 suorum
594 2824 743 2896 nornine
772 2833 809 2896 et
840 2824 934 2897 sacta
967 2847 1040 2896 non
1069 2821 1298 2919 aliquatenus

215 3003 222 3016 ,
245 2943 355 3013 etiam
374 2941 484 3014 literis
510 2934 672 3014 no'ndum
689 2941 844 3014 inventis
871 2942 1015 3028 callent,
1034 2964 1151 3037 neque
1169 2963 1212 3012 ea
1229 2939 1300 3012 suit

247 3059 486 3132 Heroicornm
517 3071 720 3156 temporum
753 3059 944 3145 barbaries
971 3063 1014 3131 ut
1043 3059 1143 3130 nulla
1172 3063 1299 3130 extent

245 3176 404 3249 historiae
430 3185 467 3249 et
493 3177 678 3250 annalium
705 3202 852 3250 suorum
879 3178 1096 3249 rudimenta.
1150 3173 1203 3245 At
1220 3173 1298 3247 Ho-

245 3317 365 3365 merus
391 3293 429 3365 in
455 3293 597 3366 familiis
623 3294 852 3368 recensendis
878 3295 1045 3390 frequens
1074 3297 1131 3365 est
1156 3298 1194 3363 et
1219 3291 1299 3363 dili-

244 3434 357 3507 gens;
389 3411 499 3483 habes
525 3411 823 3508 Agamemnonis,
851 3411 993 3500 Priami,
1021 3417 1059 3483 et
1085 3417 1299 3484 caeterorum

244 3528 407 3624 stirpem,
427 3552 544 3626 neque
566 3537 688 3603 tutum
714 3538 791 3602 erat
817 3528 960 3601 mentiri
985 3537 1022 3601 et
1047 3535 1149 3635 extra
1174 3553 1297 3624 recep-

244 3655 316 3719 tam
341 3647 549 3744 opinionem
574 3647 716 3742 cvagori
742 3646 781 3719 in
806 3647 848 3720 iis
866 3671 947 3744 quae
972 3629 1136 3720 nondum
1159 3671 1203 3719 ex
1222 3671 1296 3719 me-

243 3764 357 3837 moria
383 3763 574 3838 hominum
603 3763 831 3837 excidissent.
883 3762 967 3837 Cito
1002 3763 1148 3861 quidem
1177 3765 1215 3837 in
1242 3765 1296 3837 sa-

242 3881 346 3955 bulos
363 3882 494 3956 transit
511 3879 687 3968 Historia,
707 3905 787 3978 quae
812 3905 858 3954 ex
875 3881 983 3954 unica
1009 3881 1183 3954 memoria
1207 3905 1294 3978 pen·

243 3998 314 4084 det,
333 4023 400 4072 nec
416 4024 501 4072 vero
522 4005 600 4072 tam
617 3997 720 4071 facile
741 3997 850 4070 deleri
872 4003 1005 4093 potest.
1057 3996 1155 4072 Cum
1172 4009 1296 4072 autem

242 4139 286 4188 ex
312 4113 410 4190 hisce
436 4117 600 4216 pertibus
617 4113 823 4189 Historiam
840 4115 1025 4189 Poeticam
1050 4126 1217 4190 constare
1241 4139 1296 4188 er-

282 4287 386 4347 ‘Suas
405 4287 495 4348 etiam
516 4287 689 4352 habuerunt
710 4285 746 4348 de
787 4292 818 4348 et
829 4285 948 4358 Rhodii,
959 4287 1142 4348 tec-Diod.
1153 4287 1224 4361 Sic,
1234 4285 1292 4365 l.5.

243 4365 354 4426 diluvie
387 4365 508 4426 sabellos
536 4367 745 4428 Samothraces
825 4367 901 4428 ΙΙΙ.
919 4381 949 4427 Α.
968 4370 1035 4441 263.
