3058 4902
445 351 657 399 Pamtxorro
677 351 1003 400 DECIMA-SEPTIMA.
1189 360 1254 423 293

200 527 259 589 tus
277 515 424 612 hospes,
443 517 586 590 amissis
608 517 725 604 sociis,
745 527 781 590 et
805 519 954 592 summis
980 519 1058 616 ipse
1083 520 1254 616 periculis

200 637 357 730 ereptuS,
371 632 442 706 isto
460 633 607 707 nomine
624 633 663 707 iu
672 634 820 708 Alcinoi
834 636 984 708 domurn
1002 635 1197 732 recipitur;
1217 637 1255 709 in

198 747 277 845 ipsa
297 747 544 823 conviviorum
564 750 698 846 quibus
721 750 903 846 hospitem
921 751 1108 846 excipiunt
1132 752 1255 824 hilari·

198 870 274 937 tate
301 866 548 938 interveniunt
579 866 744 962 quaedam
774 890 856 962 quae
890 865 943 938 illi
973 873 1010 939 et
1040 867 1255 962 dignitatem

199 980 310 1054 animi
332 987 370 1055 et
389 983 550 1078 corporis
577 983 687 1054 robur
706 1007 780 1078 prae
806 984 943 1057 caeteris
970 983 1177 1057 hominibus
1195 985 1255 1057 ad-

198 1097 354 1194 signent.
407 1097 549 1172 Interea
565 1097 677 1172 Vates
704 1124 761 1174 res
787 1101 833 1172 ad
856 1099 1002 1196 Trojam
1027 1107 1148 1196 gestas
1174 1128 1255 1199 quae

197 1219 279 1287 tum
296 1216 468 1312 temporis
494 1216 732 1290 celeberrimae
757 1227 859 1289 erant
887 1217 1068 1291 memoriae
1094 1218 1162 1291 sibi
1188 1242 1255 1315 pro

198 1343 411 1428 argumento
424 1333 594 1406 desumit.
627 1333 773 1429 Hospes
786 1332 823 1406 in
837 1334 1041 1430 lachrymas
1056 1358 1130 1407 uon
1144 1337 1256 1408 semel

198 1449 404 1544 prorumpit
429 1473 546 1547 neque
563 1449 761 1522 Alcinoum
778 1451 890 1522 latere
915 1457 1048 1546 potest.
1092 1450 1255 1524 Tandem

201 1562 355 1660 (integro
367 1565 460 1639 libro
478 1566 515 1638 in
534 1567 614 1664 ipso
641 1565 835 1662 agnitionis
852 1578 1027 1662 apparatu
1045 1567 1253 1664 absumpto)

199 1703 238 1752 se
254 1680 417 1776 aperiens
435 1706 479 1755 ea
495 1706 568 1779 qua
584 1687 722 1778 pareat
745 1683 924 1779 gravitate
945 1685 1160 1777 pronuntiat
1177 1707 1256 1756 esse

200 1796 372 1894 Ulyssem
389 1797 493 1871 illum
511 1798 616 1894 cujus
637 1822 785 1893 operam
802 1798 840 1869 in
858 1797 1016 1894 Trojano
1034 1799 1255 1896 bellospauci

198 1919 515 2008 exsuperaverant,
535 1911 748 2010 patientiam
776 1919 814 1985 et
839 1914 980 1988 labores
1006 1921 1093 2012 post
1109 1915 1256 2012 Trojam

199 2030 385 2102 subactam
411 2054 520 2103 nemo
546 2030 810 2127 adaequaverat.
864 2029 959 2106 Sunt
986 2040 1023 2104 et
1048 2032 1128 2104 aliae
1153 2031 1255 2128 agni-

199 2144 338 2233 tiones;
369 2145 408 2218 in
424 2145 496 2220 ista
513 2146 657 2243 Ulyssis
675 2170 698 2219 a
713 2145 930 2220 Telemacho
948 2147 1058 2220 habes
1081 2156 1118 2220 et
1143 2148 1257 2244 patris

199 2263 367 2335 affectum
394 2270 432 2336 et
457 2262 521 2335 filii
545 2263 685 2360 justam
715 2265 899 2361 pietatem.
954 2261 1093 2336 Iterum
1121 2265 1256 2361 impro-

198 2378 277 2452 viso
295 2379 443 2476 Ulysses
470 2380 583 2454 servis
607 2378 682 2454 suis
700 2380 849 2454 Eumaeo
867 2391 903 2453 et
921 2378 1101 2468 Philaetio,
1120 2382 1257 2454 iterum

198 2496 343 2592 conjugi
361 2521 436 2569 suae
454 2497 634 2593 Penelope
651 2503 689 2570 et
706 2498 801 2593 patri
818 2495 939 2568 Laerti
957 2518 996 2567 se
1013 2496 1148 2592 prodit,
1168 2521 1257 2595 quu-

199 2634 281 2683 rum
298 2612 525 2706 agnitionum
543 2613 644 2686 nulla
665 2613 797 2685 affectu
821 2635 940 2684 carere
958 2617 1101 2706 potest:
1130 2615 1194 2685 sed
1212 2637 1257 2686 ex

197 2725 312 2824 ipsius
331 2752 393 2801 ore
416 2728 624 2823 agnoscitur
642 2728 794 2825 Ulysses
820 2738 857 2800 et
883 2727 1095 2824 plerumque
1113 2753 1159 2802 ex
1176 2731 1256 2802 vul·

198 2842 292 2916 neris
322 2842 486 2917 cicatrice
516 2845 636 2918 verbis
667 2843 742 2917 suis
772 2845 882 2916 fidem
913 2843 999 2918 lacit
1011 2875 1021 2932 ;
1053 2868 1127 2916 non
1158 2846 1256 2917 enirn

198 2982 341 3056 semper
358 2962 475 3033 otium
492 2959 562 3033 fuit
579 2957 701 3033 Poetae
718 2959 914 3056 agnitionis
936 2961 1086 3032 modum
1104 2959 1151 3032 ad
1168 2959 1256 3032 artis

197 3077 437 3150 subtilitatem
462 3076 697 3150 concinnare:
729 3077 800 3150 erit
825 3077 976 3150 sortasse
1001 3077 1065 3149 ubi
1095 3077 1194 3149 nude
1220 3089 1256 3151 et

199 3193 354 3288 simplex
380 3191 517 3288 agnitio
536 3201 573 3265 et
598 3193 760 3265 animum
777 3192 892 3288 magis
919 3204 1062 3266 moveat
1079 3200 1117 3265 et
1135 3200 1254 3268 struc-

198 3320 289 3382 turae
315 3309 446 3383 fabulae
474 3310 589 3405 magis
619 3311 823 3383 conveniat.
889 3309 962 3382 Sed
988 3308 1091 3382 aliter
1117 3311 1187 3383 alio
1218 3311 1256 3383 in

197 3425 278 3498 loco
304 3426 431 3498 eadem
457 3451 495 3498 re
520 3426 640 3499 utitur
663 3425 858 3498 Homerus.
912 3424 969 3496 Ex
995 3425 1162 3497 cicatrice
1188 3450 1255 3499 nu-

197 3542 269 3614 trix
286 3541 464 3638 Euryclea
482 3541 653 3639 Ulyssem
679 3541 854 3637 agnoscit,
874 3564 948 3612 non
967 3546 1090 3612 tamen
1108 3564 1153 3612 ex
1176 3542 1255 3636 ejus

197 3658 316 3731 verbis
345 3658 409 3731 sed
435 3657 581 3731 fortuna
610 3658 768 3754 quadam
798 3664 836 3729 et
864 3681 930 3729 sua
959 3680 1070 3753 opera
1094 3655 1185 3728 adeo
1212 3665 1255 3730 ut

196 3770 310 3846 Poeta
326 3774 433 3846 rebus
458 3797 495 3847 se
519 3774 731 3847 submittere
749 3796 825 3844 non
842 3773 912 3844 illis
936 3773 1115 3870 imperare
1133 3772 1254 3846 videa·

195 3895 268 3964 tur.
320 3891 434 3965 Nunc
457 3891 567 3988 igitur
589 3892 627 3964 in
651 3892 730 3988 ipsa
754 3888 948 3984 agnitione,
972 3913 1070 3963 nunc
1093 3890 1131 3962 iu
1155 3892 1253 3986 agni-

196 4006 305 4080 tionis
324 4008 445 4094 modo,
465 4033 611 4104 operam
628 4007 743 4104 ponit.
788 4007 914 4079 Restat
933 4007 994 4078 illa
1011 4031 1083 4103 qua
1100 4006 1138 4077 in
1154 4015 1254 4081 coetu

194 4147 390 4218 procorum
415 4123 565 4218 Ulysses
592 4149 630 4196 se
657 4125 829 4211 declarat,
857 4147 950 4220 quae,
979 4130 1022 4195 ut
1047 4123 1127 4195 vult
1153 4123 1252 4197 Aris-

194 4241 363 4327 toteles‘l,
382 4241 434 4313 ita
460 4246 692 4337 comparatur
709 4248 753 4313 ut
779 4265 900 4313 rerum
927 4239 1168 4314 mutationem
1192 4266 1252 4314 co·

602 4388 616 4430 ‘¹
637 4381 733 4450 Part,
749 4400 774 4441 c.
797 4381 843 4438 26.
