3058 4908
299 307 362 372 196
601 314 814 364 PRAELBGPIO
846 315 1045 372 UNDBOIMA.

296 469 405 565 hujus
453 467 504 542 rei
539 467 639 565 apud
669 467 811 541 Atticos
851 467 1047 563 scriptores
1081 467 1250 566 frequens
1293 477 1353 544 est

295 610 394 660 usus.
448 585 568 658 Latini
596 585 749 658 eandem
775 609 853 657 rem
882 584 1041 680 aggressi
1068 596 1165 673 sunt,
1193 587 1257 660 sed
1281 587 1351 662 Ar-

294 701 394 775 ticuli
429 702 572 776 defectu
606 726 733 800 parum
768 715 1035 794 assequuntur-3
1074 727 1205 776 novam
1239 703 1352 799 igitur

293 818 479 892 Orationis
497 825 636 916 partem
654 819 819 916 imperite
836 820 1062 915 confingunt,
1077 844 1187 917 quam
1206 819 1350 894 Gerun-

292 935 392 1008 dium
419 943 562 1010 vocant.
614 935 694 1008 Nos
712 934 948 1032 Participium
973 937 1011 1008 in
1039 935 1103 1009 has
1129 943 1251 1032 partes
1276 944 1351 1012 tra·

290 1052 418 1125 bimus·
441 1053 504 1125 sed
532 1051 654 1125 minus
689 1063 854 1130 accurate
883 1077 995 1148 quam
1025 1051 1154 1126 Graeci.
1207 1053 1352 1129 Iterum

290 1170 387 1266 apud
418 1169 563 1244 Graecos
591 1171 735 1267 singula
763 1170 837 1244 fere
861 1169 974 1243 Verbi
1000 1178 1164 1267 tempora
1191 1196 1258 1244 sua
1288 1173 1352 1246 ha·

289 1288 377 1362 beot
394 1288 598 1385 Participia,
618 1289 740 1363 Latini
766 1295 890 1362 carent
916 1295 953 1362 et
969 1289 1148 1362 Praeteriti
1173 1290 1351 1387 temporis

290 1405 424 1494 Asuvi,
443 1416 480 1479 et
504 1406 699 1479 Praesentis
724 1405 863 1479 Passivi
888 1404 1095 1502 Participio,
1117 1430 1200 1504 quae
1225 1413 1351 1481 tamen

288 1524 327 1596 in
351 1548 472 1597 rerum
497 1530 630 1596 natura
653 1547 775 1620 parem
800 1547 886 1596 cum
910 1521 1048 1596 caeteris
1070 1525 1194 1597 locum
1220 1524 1351 1599 sortita

288 1646 386 1712 sunt.
431 1639 577 1713 Nostrae
595 1640 728 1736 linguae
746 1641 842 1713 idem
859 1639 1074 1713 estvitium.
1120 1639 1220 1713 Cum
1235 1640 1350 1736 igitur

286 1767 483 1854 utrumque
503 1758 601 1853 apud
626 1757 785 1853 optimos
810 1757 982 1830 authores
1001 1755 1152 1832 Graecos
1176 1758 1349 1832 familiari

286 1898 357 1947 usu
384 1875 617 1957 novimuset
640 1873 741 1946 facile
767 1873 1003 1970 intelligimus
1029 1873 1066 1946 in
1091 1875 1199 1982 aliam
1222 1883 1348 1949 tamen

286 1991 450 2089 linguam
475 2015 550 2065 non
576 1990 653 2064 sine
679 2013 802 2064 crasso
829 1991 1023 2064 verborum
1046 1991 1203 2066 circuitu
1227 2003 1348 2067 trans·

286 2109 378 2181 ferre
395 2132 604 2206 possumus.
664 2109 669 2118 '

336 2225 392 2298 Ex
415 2226 516 2299 hisce
539 2225 649 2322 igitur
665 2226 774 2298 rebus
798 2231 941 2299 constat
964 2223 1216 2321 perfectiorem
1234 2225 1348 2301 fuisse

286 2344 385 2441 apud
407 2342 555 2418 Graecos
572 2341 722 2438 Linguae
750 2342 940 2440 Syntaxin,
959 2367 1071 2440 quam
1093 2343 1164 2440 ipsi
1191 2369 1265 2418 non
1289 2346 1347 2418 in-

285 2485 371 2570 epto
389 2473 536 2546 nomine
553 2460 868 2564 καταλληλότητα
886 2483 1031 2547 vocant.

335 2591 499 2665 Tandem
539 2590 650 2686 igitur
683 2598 942 2685 argumentum
975 2591 1020 2663 ad
1060 2591 1173 2664 finem
1209 2591 1346 2686 perdu-

285 2733 421 2782 camus.
474 2708 529 2782 Ex
554 2707 626 2780 hoc
651 2707 748 2779 enim
777 2708 1020 2805 qualicunque
1047 2706 1184 2781 Graeeoe
1208 2708 1347 2804 lingum

286 2831 484 2922 conspectu
509 2824 695 2898 intuemur
718 2825 818 2896 illam
843 2833 882 2897 et
904 2826 1097 2898 verborum
1123 2823 1230 2922 copia
1249 2827 1344 2899 divi-

284 2953 359 3016 tem
383 2954 420 3016 et
446 2942 669 3038 compendiis
690 2941 864 3037 loquendi
886 2941 1099 3016 instructam
1121 2952 1159 3015 et
1183 2941 1347 3039 partium

286 3061 381 3134 inter
398 3083 437 3132 se
453 3061 670 3132 cohaerentia
687 3059 925 3132 concinnam:
951 3067 1117 3134 accurate
1134 3065 1172 3132 et
1188 3067 1346 3134 venuste

285 3176 522 3272 conceptibus
547 3177 681 3249 nostris
704 3175 781 3273 ipsa
799 3178 977 3251 vocabula
1000 3177 1233 3275 respondent,
1253 3179 1346 3251 dum

158 3370 164 3381 ,
284 3294 362 3392 pari
380 3293 551 3366 facilitate
570 3293 735 3388 quamvis
751 3318 872 3366 rerum
891 3293 1018 3368 seriem
1037 3303 1072 3366 et
1096 3304 1345 3390 conceptuum

284 3411 378 3484 inter
402 3435 441 3484 se
466 3409 825 3506 comprehensionem
849 3421 1029 3484 structura
1056 3416 1093 3484 et
1119 3434 1246 3484 norma
1272 3411 1345 3483 lin-

144 3603 162 3628 ,
284 3553 368 3625 guae
408 3535 652 3626 repraesentat.
716 3527 907 3602 intuemur
939 3529 1105 3625 profecto
1139 3527 1343 3602 illustrissi-

284 3676 386 3724 mum
404 3649 555 3724 humani
571 3647 707 3744 ingenii
730 3656 1025 3736 monumentum,
1044 3673 1162 3746 neque
1180 3673 1202 3720 a
1219 3647 1344 3724 Philo·

283 3768 433 3864 sophica
448 3767 600 3840 veritate
626 3788 744 3862 neque
761 3790 782 3838 a
800 3767 940 3863 vulgari
964 3791 1131 3841 sermone
1147 3766 1342 3854 absonum,

282 3887 334 3959 ita
359 3895 610 3983 comparatum
635 3890 679 3956 ut
707 3907 824 3980 neque
851 3883 1164 3980 Scientiae-neque
1182 3882 1343 3958 Poeseos

282 4003 507 4079 incrementa
531 4007 726 4086 recusaret,
745 4011 781 4074 et
807 4001 991 4102 prosario
1017 4012 1128 4098 captu
1146 3999 1342 4074 hominum

282 4142 396 4192 novas
430 4118 565 4193 formes
599 4117 766 4192 indueret
785 4125 838 4220 et
871 4118 908 4192 in
939 4119 1056 4192 varias
1091 4118 1267 4192 dialectos
1301 4141 1343 4191 se

281 4235 472 4322 scinderet,
502 4235 657 4332 simplex
688 4243 812 4308 tamen
842 4236 977 4334 ubique
1008 4241 1172 4310 maneret
1200 4241 1239 4307 et
1269 4233 1341 4309 sibi

282 4357 475 4424 constaret.
