3094 4898
417 983 843 1079 PRAELECTIO
896 986 1197 1084 OCTAVA

338 1398 422 1471 UAE
448 1400 493 1472 de
519 1399 729 1473 Graecorum
755 1401 855 1497 poesi
882 1424 993 1496 supra
1018 1401 1204 1498 disputata
1230 1409 1329 1489 sunt,

361 1517 407 1588 ed
431 1527 577 1589 caeteros
603 1517 708 1588 etiem
736 1523 831 1588 artes
857 1518 1125 1610 quodammodo
1150 1527 1327 1614 spectant.

275 1628 420 1702 Ebenim
437 1655 480 1703 ea
499 1642 555 1704 est
577 1631 727 1703 humani
749 1630 883 1726 ingenii
905 1633 1055 1718 indoles,
1075 1643 1117 1706 ut
1134 1657 1209 1705 non
1225 1633 1331 1707 facile

274 1745 313 1816 in
338 1770 412 1818 nne
436 1753 512 1818 arte
537 1747 779 1841 conquiescat,
807 1745 871 1818 ubi
898 1749 1008 1819 semel
1035 1749 1128 1820 vires
1156 1772 1240 1821 suas
1267 1773 1330 1821 ex·

278 1872 382 1956 perta
397 1862 517 1948 suerit,
536 1868 636 1934 etex
653 1885 696 1934 ea
712 1863 875 1957 caligine,
896 1887 969 1958 qua
992 1864 1076 1935 vitae
1093 1865 1209 1936 civilis
1227 1865 1330 1936 initia

274 1977 490 2063 obruuntur,
510 2001 588 2050 sese
610 1976 853 2071 explicaverit.
906 1977 960 2049 Re
983 1977 1094 2072 igitur
1113 1980 1226 2051 semel
1250 1985 1329 2051 ten·

274 2099 361 2178 tnta,
393 2093 471 2164 alise
505 2093 592 2164 alias
626 2093 899 2187 subsequuntur
927 2099 1034 2179 artes,
1066 2117 1184 2188 neque
1214 2093 1329 2166 initiis

272 2207 346 2280 suis
363 2208 467 2280 valde
484 2208 685 2302 disjunctae,
700 2231 816 2302 neque
832 2231 1025 2304 progressu
1040 2209 1211 2305 dispares,
1228 2211 1328 2304 quod

273 2323 417 2417 quidem
441 2347 550 2395 nemo
572 2321 761 2394 mirabitur
778 2323 840 2417 qui
863 2323 952 2395 illud
976 2323 1014 2394 in
1037 2325 1158 2396 animo
1181 2324 1325 2412 habeat,

271 2463 397 2511 omnes
414 2462 474 2512 ees
492 2462 572 2534 quae
589 2438 754 2532 ingenuae
771 2448 959 2526 voonntur,
975 2462 1022 2510 ex·
1033 2438 1199 2512 imitandi
1216 2439 1327 2512 sacul-

271 2565 347 2626 tate
369 2561 407 2628 et
430 2579 552 2627 amore
575 2552 746 2648 originem
772 2552 914 2625 ducere.
966 2552 1057 2625 Heec
1078 2553 1167 2625 odeo
1189 2554 1218 2625 si
1241 2579 1339 2652 vern,

269 2669 353 2755 sint,
381 2669 485 2742 nobis
515 2669 590 2764 jam
621 2669 666 2740 de
695 2666 893 2739 Homerica
926 2673 1032 2740 aetate
1066 2669 1256 2762 agentibus
1286 2669 1325 2740 in

269 2785 378 2858 nnius
394 2785 550 2858 Poeseos
567 2783 718 2856 historia
735 2806 809 2853 non
833 2792 889 2854 est
911 2782 1192 2855 subsistendum.
1247 2781 1325 2856 Nee

268 2925 355 2973 vero
369 2902 520 2973 alienam
534 2924 610 2972 rem
623 2905 830 2982 tractemus
846 2897 876 2970 si
890 2897 1049 2969 Picbnrae
1063 2897 1183 2982 etiam,
1196 2896 1325 2993 Sculp-

269 3026 369 3102 tnrae,
396 3023 434 3087 et
462 3025 673 3088 caeterarum
702 3012 896 3109 primordia
925 3020 1216 3107 perscrutemur;
1248 3036 1324 3085 non

268 3129 365 3200 enim
387 3129 523 3202 frustra
542 3135 640 3213 sunt,
659 3149 740 3222 quae
765 3126 810 3199 de
833 3127 1006 3198 societate
1028 3125 1201 3198 artiumo
1224 3135 1323 3199 vete·

265 3245 366 3316 ribus
384 3245 515 3317 tradita
531 3243 714 3328 habemns,
734 3265 851 3337 neque
868 3241 939 3313 illae
955 3241 1045 3313 adeo
1062 3242 1139 3314 suis
1157 3241 1321 3314 terminis

264 3373 376 3458 septae
401 3367 582 3446 tenentur,
601 3366 737 3432 utnon
764 3368 892 3431 mutuo
917 3357 985 3430 sibi
1007 3356 1218 3452 adjumento
1244 3359 1320 3429 sint

264 3489 300 3552 et
316 3477 488 3552 subsidio.
525 3479 581 3548 Ae
594 3475 748 3571 primum
767 3474 910 3568 quidem
929 3474 968 3545 in
985 3473 1055 3546 boc
1072 3471 1176 3546 focile
1193 3497 1320 3545 omnes

265 3595 509 3679 consentiunt,
531 3604 574 3666 ut
599 3593 696 3664 illins
722 3590 819 3686 quod
847 3589 1038 3685 pulchrum
1064 3597 1102 3661 et
1127 3588 1319 3660 honestum

263 3719 319 3784 est
335 3734 481 3784 sensum
498 3709 658 3781 excitent
674 3715 711 3778 et
728 3705 766 3776 in
784 3705 910 3776 melius
928 3715 1173 3800 component3
1201 3727 1319 3798 neque

263 3828 379 3900 ullum
414 3825 564 3899 omnino
598 3825 720 3895 locum
753 3820 899 3906 babent,
931 3844 1048 3915 neque
1082 3819 1217 3892 alicubi
1250 3818 1319 3892 sibi

264 3951 447 4038 receptum
482 3949 660 4036 quaernnt‚
689 3936 757 4010 nisi
787 3937 850 4008 ubi
880 3937 1000 4008 animo
1030 3933 1218 4008 accesserit
1245 3935 1315 4005 ele-

261 4061 385 4154 gantia
410 4064 448 4130 et
468 4057 574 4129 nitor.
629 4055 723 4127 Cum
741 4077 826 4124 vero
849 4075 939 4123 suus
962 4051 1093 4147 cuique
1116 4050 1232 4121 honos
1249 4055 1316 4134 est,

259 4183 295 4248 et
325 4197 392 4246 sna
421 4171 570 4246 seorsim
600 4177 783 4256 venustas,
814 4191 856 4241 ea
886 4191 961 4239 non
991 4177 1066 4240 tam
1097 4165 1134 4236 in
1165 4165 1317 4260 singulis

258 4292 398 4362 diverse
428 4311 536 4384 quam
567 4289 605 4358 in
635 4285 812 4357 universis
847 4284 971 4356 eadem
1007 4293 1072 4354 est.
1126 4279 1182 4352 Ex
1216 4279 1316 4352 omni
