3058 4908
485 325 700 376 ramancrro
723 327 949 378 nuonnomr.
1179 320 1243 383 215

185 477 315 552 seriem
332 475 472 550 facilius
495 499 594 550 nunc
621 476 895 564 conservabant,
915 501 1025 573 quam
1042 479 1131 552 olim
1147 479 1246 552 inter

185 593 427 690 migrandum.
480 591 645 664 Tandem
671 590 782 686 igitur
799 598 836 665 ct
861 595 1021 666 materiae
1047 595 1190 691 copiam
1208 608 1245 671 et

186 709 401 805 dignitatem
435 707 594 805 aliquam
623 707 756 806 adepta
789 715 845 781 est
875 705 1048 798 Historia,
1080 711 1246 785 nondum

186 836 309 900 tamen
327 826 403 900 suis
426 825 567 922 legibus
593 825 792 898 constricta
811 836 877 911 est,
895 833 1006 922 atque
1031 852 1076 900 ec
1101 828 1181 924 ipso
1199 828 1246 901 ad

185 943 353 1016 Poetioos
375 966 465 1016 usus
488 941 805 1045 accommodatior.
861 941 951 1017 Haec
975 943 1160 1040 igiturest
1182 945 1246 1018 illa

185 1083 266 1157 quae
278 1061 397 1155 longis
413 1057 485 1132 illis
499 1058 689 1132 Nestorisy
702 1065 740 1132 et
753 1057 959 1132 Phoenicis¹¹
978 1061 1246 1134 narrationibus

185 1175 329 1272 copiam
363 1173 623 1249 subministrat.
677 1172 769 1248 Haeo
803 1183 859 1249 est
893 1177 955 1249 illa
989 1177 1034 1250 de
1063 1201 1136 1273 qua
1169 1186 1246 1250 tam

184 1292 375 1390 magnifice
401 1292 470 1364 sub
494 1291 684 1365 Stheneli⁸
700 1302 737 1365 et
758 1291 1014 1367 Minervaeb'et
1031 1307 1244 1367 caetercrum

185 1433 343 1508 persona
372 1411 518 1483 loeutus
549 1420 605 1483 est
635 1408 760 1496 Poeta,
788 1409 819 1482 si
847 1409 941 1483 forte
970 1417 1071 1484 extra
1097 1410 1247 1507 Trojani

186 1527 271 1602 belli
292 1534 459 1623 tempora
485 1527 650 1600 animum
673 1525 816 1599 lectoria
842 1527 998 1623 arripere
1018 1528 1119 1601 volit.
1174 1526 1246 1601 Sed

187 1645 286 1719 hunc
313 1668 436 1717 rerum
466 1649 606 1717 statum
634 1644 721 1716 satis
749 1643 900 1739 exponit
931 1643 1100 1717 Sirenum
1129 1643 1244 1717 canti-

186 1762 280 1834 lena.
345 1760 403 1832 De
437 1760 500 1833 illo
535 1760 708 1834 doctrinae
742 1760 864 1834 studio
898 1762 1111 1857 loquuntur,
1147 1762 1246 1858 quod

186 1877 310 1952 omnia
335 1877 528 1973 complecti
545 1878 638 1964 vult,
658 1877 702 1948 de
718 1874 874 1973 Trojano
901 1887 1023 1950 autem
1049 1878 1145 1950 bello
1163 1890 1244 1950 tan-

187 2017 296 2090 quam
321 1991 564 2091 pulcherrima
589 1991 766 2066 universae
794 1994 966 2067 doctrinae
990 1995 1180 2090 particula,
1200 1995 1245 2069 dc

186 2110 413 2208 temporibus
434 2111 609 2184 nimirum
634 2108 672 2182 in
689 2112 822 2206 quibus
842 2117 880 2183 et
903 2110 1064 2184 historiae
1089 2135 1193 2184 amor
1210 2116 1247 2183 et

188 2251 399 2324 magnarum
417 2253 538 2302 rerum
557 2227 687 2301 notitia
704 2227 965 2302 suboriebatur.

238 2695 360 2769 Poetae
378 2695 487 2768 etiam
501 2695 601 2797 lucro
619 2693 754 2790 apponi
771 2700 894 2790 potest
911 2693 1143 2768 intervallum
1157 2693 1248 2767 illud

189 2837 262 2909 quo
279 2837 302 2886 a
317 2811 481 2909 Trojanis
503 2811 724 2908 temporibus
750 2812 827 2907 ipse
853 2810 1026 2899 distabat,
1045 2810 1144 2906 quod
1169 2809 1247 2906 qui·

189 2931 283 3018 dem,
314 2929 345 3002 si
378 2929 488 3002 modo
518 2953 605 3002 vera
638 2928 684 3002 sit
719 2928 780 3002 ex'
800 2929 867 3001 hao
901 2937 1003 3024 parte
1038 2927 1248 3022 conjectura

191 3044 351 3133 nostrad,
371 3053 515 3120 tantum
542 3052 619 3118 erat
636 3053 679 3119 ut
704 3045 848 3119 abunde
874 3044 1055 3117 sufficeret
1079 3042 1142 3117 isti
1168 3067 1247 3138 quae

189 3162 296 3237 Poeai
311 3164 435 3260 Epicae
452 3162 633 3251 convenit,
650 3171 687 3236 et
704 3187 814 3258 quarn
828 3161 1010 3234 Homerus
1028 3185 1170 3257 semper
1185 3185 1247 3234 au-

190 3287 347 3376 cupatur
369 3279 655 3378 amplificationi,
672 3303 740 3351 nec
760 3304 846 3352 vero
866 3278 1039 3352 memoria
1060 3302 1181 3352 rerum
1205 3276 1249 3352 de

190 3397 323 3494 quibus
340 3398 503 3492 loquitur
519 3419 668 3493 prorsus
692 3396 934 3468 interciderat.
988 3395 1108 3468 Facile
1125 3405 1249 3469 autern

190 3514 404 3609 scriptorem
430 3513 664 3609 subsequitur
682 3512 872 3586 hominum
898 3511 1021 3608 opinio
1042 3512 1129 3584 dum
1155 3511 1248 3585 anti·

190 3654 264 3726 qua
286 3629 361 3702 suis
382 3631 593 3725 augustiora
615 3629 712 3717 facit,
730 3630 931 3726 praesertim
948 3628 1013 3702 ubi
1036 3631 1138 3701 nulla
1162 3635 1249 3702 sunt

190 3745 379 3818 literarum
397 3754 657 3834 monumenta;
682 3745 786 3819 facile
804 3746 935 3819 iterum
953 3745 1015 3817 illa
1027 3750 1109 3817 toto
1127 3744 1249 3816 animo

190 3863 458 3958 complectitur,
478 3889 559 3961 quaa
585 3863 749 3936 nondum
775 3863 959 3936 desierunt
986 3860 1150 3932 omniurn
1176 3882 1248 3930 ser-

190 3978 361 4052 monibus
375 3981 564 4077 usurpari:
584 4004 664 4077 quae
676 3984 860 4053 vetustate
874 3976 981 4050 nimis
995 3978 1149 4049 obscura
1162 3980 1249 4048 sunt

190 4106 228 4169 et
256 4096 423 4170 sordibus
450 4097 582 4200 obruta
607 4097 770 4169 animum
796 4095 917 4168 minus
943 4099 1110 4189 tangunt.
1164 4089 1249 4164 Non

272 4277 285 4318 1
305 4268 352 4327 Il.
369 4283 413 4336 A..
428 4271 479 4330 tc.
670 4279 678 4301 ¹
700 4269 773 4330 Ibid.
792 4284 810 4329 1.
1010 4273 1023 4300 ⁸
1043 4265 1121 4324 Ibid.
1137 4279 1169 4325 n.

233 4344 246 4377 δ
266 4345 344 4406 Ibid.
361 4361 390 4406 Ε.
473 4359 485 4388 ⁰
507 4349 608 4427 Odysa.
622 4364 657 4408 Μ.
677 4352 741 4426 189.
823 4349 835 4382 ‘¹
855 4347 925 4408 Vid.
941 4349 1165 4409 Praelectionam
1179 4344 1247 4402 2⁶¹³.
