3096 4886
563 341 777 392 Postremo
801 341 945 401 bonvm.
1246 321 1287 383 75

237 501 355 574 neque
371 477 424 552 illi
434 479 566 575 quibus
577 479 719 554 'incerta
736 481 838 555 sedes
852 492 889 554 et
906 481 1034 556 inculti
1052 507 1170 556 mores
1187 487 1288 580 spem

238 596 366 668 messis
383 621 520 692 paucos
536 597 632 670 intra
648 622 791 672 menses
814 599 1043 672 absolvendae
1066 600 1213 674 omnino
1235 625 1290 673 re-

237 719 377 784 cusant.
432 711 520 787 Sero
548 721 671 787 autem
701 715 851 789 suborta
877 726 943 808 est,
969 739 1012 788 ea
1039 741 1119 812 quaa
1144 716 1290 791 assiduo

202 875 208 886 ·
239 827 360 900 labore
383 835 421 902 et
446 829 585 925 magnis
612 829 786 926 impensis
810 855 887 904 rem
914 832 1006 928 gerit
1032 857 1153 906 rerum
1181 834 1290 908 rusti·

239 968 364 1017 curum
381 969 479 1033 cura,
500 971 580 1042 quae
597 971 671 1028 non
689 947 785 1020 intra
800 946 909 1020 unius
927 947 1012 1019 anni
1029 947 1187 1044 spatium
1203 951 1289 1023 sub-

239 1060 345 1148 stitit,
365 1085 481 1158 neque
499 1060 608 1134 unius
625 1059 753 1134 messis
771 1085 895 1158 spem;
923 1061 986 1134 sed
1003 1085 1131 1158 agrum
1148 1065 1291 1138 cultura

238 1173 436 1262 meliorem,
468 1181 506 1248 et
538 1172 724 1272 perpetuis
754 1175 929 1249 reditibus
958 1177 1056 1249 votis
1086 1175 1205 1250 coloni
1232 1202 1289 1252 re-

239 1313 460 1387 sponsurum
486 1315 630 1387 sperare
656 1292 789 1365 audet:
826 1317 906 1390 quae
930 1316 1017 1366 cum
1042 1293 1131 1365 artis
1155 1317 1290 1368 nomen

234 1407 307 1480 'sibi
333 1408 505 1495 vindicat,
532 1407 726 1504 multiplici
746 1407 825 1504 jam
854 1413 1125 1505 tempestatum,
1143 1409 1226 1482 coeli
1252 1415 1290 1482 et

236 1522 427 1618 regionum
445 1523 594 1598 scientia
617 1529 745 1597 ornata
768 1529 836 1611 est,
855 1529 893 1598 et
916 1548 1048 1620 magna
1070 1523 1290 1598 instrumen-

238 1643 362 1711 torum
386 1639 489 1735 oopia
511 1639 699 1712 instructa.
762 1639 891 1736 Itaque
913 1639 952 1712 in
974 1639 1046 1712 illis
1066 1641 1291 1736 temporibus

238 1755 361 1828 locum
391 1755 523 1829 habere
558 1780 633 1829 non
666 1760 788 1852 potest
821 1756 884 1829 ubi
914 1763 1051 1829 temere
1081 1757 1125 1829 ab
1155 1755 1224 1830 elia
1252 1755 1292 1830 in

237 1868 344 1941 aliam
372 1869 494 1942 sedem
521 1869 718 1966 migratum
747 1874 825 1956 est;
856 1893 931 1942 non
954 1867 1052 1941 enim
1079 1868 1182 1942 facile
1208 1893 1293 1942 rure

237 2007 305 2059 suo
339 1984 436 2059 cedit
468 1985 638 2083 agricolo,
675 2010 793 2083 neque
826 1987 978 2059 verbum
1011 1984 1104 2058 iilud
1140 1985 1293 2059 libenter

237 2101 363 2176 audit·
377 2133 438 2175 :-
1191 2111 1192 2116 ’

541 2217 694 2277 “Veteres
709 2215 834 2295 migrate
849 2213 985 2276 Coloni.”

236 2377 335 2453 Hinc
361 2378 531 2476 antiquos
559 2377 714 2476 Scythas
745 2385 782 2451 et
814 2377 997 2451 Numidas
1028 2402 1102 2450 non
1128 2377 1166 2450 in
1196 2378 1292 2474 agris

238 2497 397 2570 colendis
422 2496 638 2570 exercitatos
661 2494 783 2583 fuisse,
808 2495 871 2568 sed
903 2520 948 2568 ex
971 2497 1084 2568 boum
1108 2493 1231 2592 potius
1255 2501 1293 2568 et

236 2614 419 2709 pecudum
454 2636 606 2686 numero
641 2610 778 2684 victum
813 2609 1044 2708 quaesivisseb
1071 2609 1290 2707 accepimus,

237 2745 332 2816 unde
360 2742 456 2840 apud
486 2741 633 2830 Graecos
659 2727 815 2830 νομάδες
840 2738 1011 2835 appellati
1039 2747 1126 2812 sunt
1139 2770 1149 2825 ;
1176 2762 1293 2834 neque

237 2859 429 2933 hodiernos
465 2857 630 2956 Scythae,
660 2881 721 2930 eos
752 2859 879 2930 saltem
915 2855 1046 2952 quibus
1076 2853 1172 2926 idem
1207 2852 1292 2926 vitae

237 2975 382 3049 habitus
417 2974 630 3072 permansit,
661 2972 731 3046 alia
765 2978 909 3044 exercet
940 2994 1037 3043 cura.
1092 2969 1169 3041 Illis
1203 2969 1292 3042 adeo

236 3115 321 3164 cum
348 3089 522 3164 armentis
553 3097 589 3162 et
617 3088 784 3186 gregibus
814 3089 902 3176 suis,
931 3111 1021 3184 quas
1051 3085 1178 3158 unicas
1205 3109 1293 3181 opes

237 3209 382 3294 habent,
410 3207 445 3278 in
470 3217 642 3303 promptu
667 3213 722 3277 est
746 3205 880 3300 vagari.
934 3201 1007 3279 Qui
1030 3226 1117 3276 vero
1145 3226 1293 3298 operam

237 3347 343 3398 suam
369 3333 406 3396 et
429 3323 598 3396 sudorem
626 3321 664 3393 in
690 3321 898 3394 exercendis
922 3327 959 3393 et
982 3317 1171 3392 domandis
1198 3319 1293 3414 agris

237 3441 314 3512 suis
340 3444 554 3536 posuerunt,
575 3438 729 3510 arctiore
747 3437 823 3533 j'am
844 3435 989 3510 vinculo
1012 3445 1050 3508 et
1072 3434 1293 3530 impensiore

236 3582 323 3632 cura
339 3557 459 3630 natale
477 3558 596 3630 solum
614 3555 919 3651 complectuntur.
971 3551 1046 3625 Vix
1069 3549 1180 3646 igitur
1197 3549 1292 3622 hanc

237 3679 354 3745 artem
371 3671 555 3767 attingunt
572 3667 737 3743 homines
758 3668 970 3764 priusquam
987 3663 1120 3761 oppida
1138 3661 1293 3734 condere

236 3795 274 3864 et
303 3789 341 3862 in
369 3788 516 3862 sedibus
547 3786 621 3860 suis
649 3787 903 3882 conquiescere
934 3782 1160 3864 didicerunt;
1190 3787 1227 3849 et
1254 3775 1293 3848 in

236 3906 317 4003 ipso
343 3904 505 3979 cultioris
532 3887 618 3977 ditae
647 3925 841 4001 progressu
870 3897 974 3972 novis
1004 3903 1180 3992 perpetuo
1208 3893 1294 3966 sub-

238 4022 336 4096 sidiis
370 4047 449 4095 rem
478 4019 651 4095 rusticam
684 4023 831 4114 augent,
862 4039 941 4088 sero
976 4009 1126 4085 tandem
1158 4008 1295 4104 inille

236 4139 402 4234 peritiam
437 4139 648 4211 assecuturi.
702 4133 814 4231 Apud
843 4130 989 4204 Graecos
1022 4127 1175 4200 eandem
1208 4150 1292 4198 cum

227 4267 233 4272 Ι
316 4315 327 4339 ·
351 4304 431 4384 Virp.
446 4301 524 4370 net,
539 4301 578 4361 ix.
865 4295 880 4333 θ
901 4293 1027 4366 Herod„
1040 4293 1059 4352 l.
1074 4291 1153 4351 iv.'c.
1168 4299 1209 4364 46.
