3096 4886
555 253 770 306 camerone
791 254 966 306 securos.
1243 235 1286 302 23

229 427 270 480 se
284 403 503 480 fatebantur.
557 401 722 478 Eandem
742 402 917 478 familiam
936 407 974 478 et
995 402 1129 500 lingua
1151 427 1226 480 suae
1248 410 1287 480 et

229 521 389 597 nominis
406 529 591 597 auctorem
607 521 852 616 agnoscebant
870 519 1124 618 Peloponnesii
1140 531 1218 597 tam
1234 521 1287 599 illi

230 639 294 738 qui
310 638 436 715 Dorici
463 662 574 737 quam
590 638 655 735 qui
678 637 816 712 AEoliei
836 639 977 736 generis
993 638 1154 714 fuerunt.
1206 638 1286 714 Du-

231 757 326 832 ravit
354 763 479 832 autern
506 757 584 831 haec
612 756 874 831 Thessalorum
901 755 1067 855 potentia
1094 780 1211 853 usque
1240 758 1287 831 ad

228 873 389 950 Heroica
401 884 587 972 tempora:
615 870 681 947 uni
698 871 835 947 seilicet
846 871 1039 948 Thessalica
1053 873 1203 948 debetur
1212 872 1287 948 sere

229 1015 314 1090 pars
343 1001 473 1089 quarte
497 988 614 1065 totius
641 991 821 1064 exercitus
849 990 911 1088 qni
941 992 987 1065 ad
1013 989 1158 1086 Trojam
1192 990 1287 1064 mili-

229 1108 323 1184 tavit
332 1106 360 1184 ¹².
414 1108 487 1183 Sed
513 1132 557 1184 ea
585 1131 811 1206 quaeeunque
834 1107 905 1182 fuit
934 1105 1123 1206 disciplina
1145 1112 1183 1182 et
1200 1105 1287 1182 vitae

230 1225 323 1299 ratio
339 1223 448 1299 latius
461 1225 538 1321 jam
554 1230 593 1298 et
608 1225 655 1298 ad
670 1230 789 1298 totam
806 1223 982 1298 Graciam
999 1221 1235 1321 permanavit.

280 1339 369 1414 Erat
386 1345 511 1416 autem
528 1339 668 1415 Graecia
680 1341 756 1437 jam
771 1346 855 1414 tum
876 1338 916 1412 in
939 1340 1099 1413 diversas
1122 1338 1287 1436 regiones

232 1455 436 1545 distributa,
464 1462 503 1532 et
531 1479 592 1531 eas
618 1455 747 1530 iisdem
780 1455 854 1529 fere
886 1453 1064 1528 limitibus
1098 1455 1287 1528 conclusas

232 1594 324 1670 quos
343 1572 383 1646 in
403 1571 667 1648 florentissimis
690 1571 766 1646 suis
791 1572 1016 1668 temporibus
1044 1571 1286 1668 agnoscimus.

232 1687 324 1780 Quae
341 1689 488 1788 quidem
504 1713 573 1779 res,
591 1694 635 1763 ut
651 1689 743 1762 mihi
759 1686 915 1776 videtur,
935 1685 1130 1764 Graiorum
1151 1711 1287 1762 nomen

231 1815 270 1880 et
288 1808 518 1905 splendorem
534 1831 609 1905 prae
631 1807 771 1882 caeteris
796 1807 888 1880 aluit
904 1810 942 1881 et
962 1806 1147 1880 sustinuit.
1200 1805 1288 1880 Erat

230 1923 451 1998 concertatio
476 1924 642 2023 quaedam
667 1933 704 1998 et
733 1923 840 1996 ardor
868 1923 981 1997 animi
1014 1922 1103 1996 dum
1137 1921 1289 2020 singula

231 2039 398 2116 civitates
415 2039 455 2115 iu
470 2041 539 2114 hac
556 2051 619 2116 eut
634 2041 699 2116 illa
715 2064 754 2114 re
771 2039 819 2114 ad
834 2039 1080 2136 principatum
1096 2040 1289 2135 adsurgere

232 2157 421 2253 optabant.
473 2155 573 2231 Hinc
597 2162 693 2231 artes
718 2163 756 2231 et
782 2155 949 2230 scientias
975 2156 1020 2229 ab
1043 2156 1203 2230 externis
1220 2154 1289 2229 eibi

231 2271 437 2369 regionibus
465 2273 696 2348 transmissas
721 2273 825 2348 avide
849 2273 1078 2369 arripiebant,
1102 2277 1138 2345 et
1163 2273 1210 2346 ad
1234 2272 1289 2345 ul·

231 2387 381 2464 teriores
397 2389 579 2486 profectus
595 2391 770 2465 acerrimo
787 2390 909 2466 studio
927 2389 1165 2464 enitebantur.
1199 2389 1290 2463 Haec

232 2502 344 2600 igitur
367 2527 425 2579 res
455 2502 566 2580 etiam
590 2503 628 2580 in
653 2505 772 2604 primo
798 2507 975 2581 bonarum
1001 2507 1135 2580 artium
1159 2511 1288 2580 exortu

232 2625 331 2695 certe
355 2645 431 2695 non
455 2621 559 2695 nihili
581 2631 671 2697 erat.
725 2622 798 2697 Sed
823 2627 1024 2698 crescentes
1049 2623 1177 2719 populi
1199 2645 1288 2718 opes

233 2735 468 2811 seditionibus
493 2747 531 2812 et
552 2737 706 2812 aiiorum
731 2738 770 2813 in
790 2739 893 2812 sedes
916 2761 1001 2811 suas
1021 2736 1288 2812 incursionibus

232 2852 391 2928 infracta
407 2863 494 2928 sunt
510 2859 548 2927 et
564 2855 802 2951 perturbatae:
832 2877 949 2951 neque
973 2853 1070 2928 enim
1093 2863 1182 2928 tunc
1198 2858 1290 2928 tem-

231 2969 331 3068 poris
347 2974 431 3044 tuto
446 2969 486 3044 in
496 2971 573 3046 suis
583 2971 718 3045 finibus
731 2970 930 3060 vivebatur,
944 2993 1062 3068 neque
1071 2970 1289 3045 vetustiores

233 3085 352 3161 Graeci
363 3087 520 3184 patriam
537 3094 575 3162 et
591 3090 711 3163 natale
728 3090 848 3163 solum
865 3113 908 3162 eo
926 3113 998 3186 quo
1016 3088 1153 3186 posteri
1165 3113 1289 3164 amore

233 3207 400 3281 colebant
414 3238 424 3296 ;
453 3207 518 3282 sed
534 3207 751 3305 potentioris
768 3206 895 3305 populi
914 3207 1074 3280 adventu
1092 3230 1167 3279 non
1184 3207 1290 3281 inviti

232 3345 279 3396 ex
295 3321 357 3396 illa
373 3323 561 3398 cedebant.
613 3323 744 3422 Neque
761 3322 851 3397 mari
868 3346 986 3419 neque
1001 3328 1099 3396 terra
1114 3345 1289 3396 commer-

233 3438 332 3511 cium
346 3447 424 3513 erat
439 3470 447 3512 ι
476 3464 595 3537 neque
611 3439 681 3515 alio
702 3437 852 3514 oonsilio
875 3439 1044 3513 tellurem
1061 3439 1286 3527 exercebant,

232 3553 304 3626 nisi
319 3558 364 3626 ut
380 3577 425 3628 ex
443 3553 507 3630 illa
522 3581 673 3654 parcum
690 3554 906 3630 sibiviotum
920 3559 1132 3652 quaererent.
1184 3553 1288 3627 Non·

231 3669 321 3743 dum
337 3694 425 3767 opes
442 3674 714 3771 comparabant,
729 3696 847 3769 neque
864 3669 998 3769 oppida
1015 3672 1129 3744 muris
1146 3669 1290 3744 munita

230 3785 424 3864 habebant.
476 3788 656 3864 Nondum
689 3788 799 3863 etiam
833 3788 1022 3862 arboribus
1057 3786 1287 3861 conserendis

231 3926 380 4000 operum
402 3904 547 3996 dabant,
566 3931 646 4004 quae
663 3906 798 3981 scilieet
816 3902 921 3979 alteri
942 3906 1066 3979 seculo
1090 3903 1288 4001 profuturae

230 4019 315 4096 sint.
367 4019 475 4098 Hanc
496 4024 601 4098 nobis
626 4021 838 4099 vetustioris
864 4019 1013 4096 Graeciae
1035 4022 1163 4098 faciem
1187 4023 1288 4096 exhi·

310 4269 326 4310 ¹²
340 4268 383 4330 lt.
400 4283 429 4331 Β.
470 4269 620 4334 Numerus
633 4273 750 4334 navium
762 4293 796 4326 =
811 4279 889 4343 11863
910 4291 976 4334 aco.
992 4269 1089 4333 ttae.
1103 4293 1137 4327 =
1151 4282 1206 4333 280.
