3094 4898
548 339 761 388 namracrro
781 339 950 387 11111111.
1214 313 1276 374 117

272 478 353 551 Nec
379 501 462 550 vero
487 481 622 549 temere
649 475 727 548 haec
754 481 792 548 et
819 476 919 548 nullo
947 473 1096 548 consilio
1123 475 1277 548 conficta

223 618 301 667 esse
317 593 438 682 velim,
451 593 514 665 sed
532 617 575 664 ex
589 591 740 666 historia
752 601 788 666 ct
803 593 951 664 nomina
963 593 1051 687 ipsa,
1065 614 1147 690 quae
1160 592 1275 686 operi·

221 711 291 782 bus
321 711 397 783 suis
426 709 672 804 praefigebant,
705 715 742 781 et
771 708 942 804 dogmata
971 707 1081 782 etiam
1111 709 1277 804 quaedam

223 824 406 896 eruebant.
440 823 603 894 Fuerunt
620 821 755 895 scilicet
773 827 937 895 veterum
953 822 1222 917 Theologorum
1240 828 1277 894 et

222 948 348 1012 vatum
375 938 533 1036 reliquiae
554 938 719 1033 quaedam
740 963 801 1012 ore
823 943 930 1010 tenus
948 945 1180 1025 conservatae,
1194 937 1275 1010 lue-

222 1061 309 1129 runt
334 1055 425 1128 ritus
450 1061 488 1128 et
513 1054 681 1127 instituta
707 1077 787 1149 quae
813 1054 857 1126 ab
883 1053 1048 1150 Orpheo,
1066 1064 1103 1127 et
1119 1053 1274 1141 Musaeo,

222 1195 261 1244 se
289 1170 454 1243 didicisse
476 1170 682 1242 fatebantur
700 1168 830 1254 Graeci,
849 1169 1000 1242 fortasse
1027 1171 1137 1242 etiam
1154 1169 1275 1241 Philo·

222 1288 361 1382 sophiae
390 1287 597 1360 rudimenta
626 1286 792 1382 quaedam
823 1309 905 1382 quaa
933 1311 978 1358 ex
1009 1309 1152 1358 summa
1181 1286 1274 1357 anti·

222 1403 360 1497 quitata
383 1402 537 1475 deducta
560 1425 638 1474 esse
657 1401 885 1497 jactitabant,
905 1427 978 1498 quo
1002 1401 1148 1498 quidem
1167 1425 1275 1474 sensu

220 1516 404 1616 Euripidis
421 1519 544 1591 locum
559 1517 788 1614 interpretari
805 1515 941 1592 velim*
954 1553 1015 1591 :-

219 2119 319 2193 Hinc
358 2118 417 2191 ille
452 2118 588 2217 Orphei
624 2111 769 2194 τέλεται
801 2130 839 2193 11
874 2108 1067 2215 κάθαρμοι,
1102 2121 1189 2192 hinc
1222 2119 1275 2192 illi

220 2242 353 2317 Musaei
377 2236 556 2342 χρήσμοι.
610 2247 691 2322 Nec
717 2273 804 2321 vero
834 2249 1030 2344 quicquam
1056 2248 1176 2320 obstat
1200 2271 1274 2344 quo

219 2361 341 2434 minus
364 2361 528 2437 Deorum
554 2364 653 2437 tituli
677 2375 714 2438 et
740 2365 903 2461 epitheta
928 2370 965 2437 et
991 2363 1076 2437 artis
1107 2365 1274 2461 quaedam

217 2479 395 2552 vocabula
417 2505 462 2554 ex
483 2481 561 2578 ipsa
582 2481 764 2578 religionis
788 2481 924 2578 origine
947 2483 993 2554 ad
1018 2506 1134 2554 seram
1156 2507 1273 2576 usqua

218 2603 363 2667 aetatem
385 2599 626 2693 pervenerint,
646 2600 691 2672 ab
708 2597 946 2696 Eumolpidis,
967 2598 1114 2670 Iamidis
1141 2606 1177 2669 et
1203 2621 1271 2669 cae-

218 2711 304 2784 teris
331 2712 493 2808 ejusdem
520 2721 616 2787 notae
643 2715 787 2788 familiis
811 2725 1024 2789 conservata
1051 2715 1150 2786 etin
1174 2737 1271 2809 mys-

217 2825 315 2900 teriis
340 2829 416 2902 suis
441 2839 623 2927 usurpata.
677 2830 734 2904 Ex
759 2832 829 2904 hac
853 2830 965 2926 igitur
982 2831 1132 2904 materia
1161 2829 1270 2900 unde-

217 2967 359 3042 quaque
377 2947 581 3043 conquisita
600 2953 637 3020 et
654 2948 744 3021 scite
761 2948 963 3043 composita
979 2946 1030 3018 111
1047 2953 1166 3019 totum
1180 2967 1271 3040 opus

215 3053 467 3135 constructum
492 3070 548 3136 est
568 3074 611 3137 ut
633 3063 795 3138 veritatis
813 3073 851 3138 et
868 3062 1095 3161 antiquitatis
1114 3061 1271 3159 speeiem

216 3199 290 3272 prae
308 3200 346 3250 se
363 3178 482 3252 ferret.

265 3290 360 3365 Sunt
385 3299 422 3366 et
447 3293 517 3366 1111
546 3297 585 3368 in
612 3295 711 3370 hunc
737 3297 849 3369 finem
877 3321 922 3369 ex
951 3295 1136 3369 verisimili
1162 3319 1269 3389 argu·

165 3423 168 3426 ·
214 3414 349 3496 menta,
369 3407 430 3483 vix
451 3409 546 3482 enim
573 3413 604 3484 si
630 3419 686 3485 tot
712 3437 820 3506 opera
842 3413 1050 3508 incorrupta
1072 3413 1118 3484 ad
1141 3435 1271 3483 manus

213 3530 347 3610 essent,
361 3532 506 3598 tantum
518 3527 561 3598 de
575 3527 617 3599 iis
632 3529 868 3602 vetustissimi
882 3529 1071 3624 scriptores
1085 3529 1270 3599 silentium

213 3639 382 3734 egissent,
401 3665 469 3714 nec
493 3653 568 3714 tam
591 3643 759 3740 ambigue
782 3646 926 3742 loquuti
947 3654 1078 3730 essent,
1099 3666 1215 3737 neque
1233 3643 1269 3713 in

212 3753 344 3828 fabulis
362 3754 534 3852 Orphiois
552 3760 758 3833 enarrandis
776 3769 922 3856 tempus
947 3759 1267 3854 consumpsissent,

213 3870 245 3943 si
274 3870 320 3942 ad
350 3873 569 3976 scriptorum
599 3899 751 3970 operum
782 3899 948 3948 normam
981 3875 1182 3946 revocanda
1212 3899 1268 3947 res

212 3993 319 4073 esset,
339 4013 456 4085 neque
480 3990 523 4062 de
549 3991 723 4087 religione
749 4016 816 4064 sua
841 3997 960 4064 tantas
985 3990 1110 4063 turbas
1136 3991 1268 4064 movisss

212 4112 305 4190 sent,
321 4103 352 4177 si
365 4127 407 4179 ex
422 4129 497 4177 una
509 4111 610 4201 parte
628 4107 673 4179 ad
691 4106 789 4203 ipsos
807 4106 924 4178 fontes
938 4105 1056 4179 aditus
1068 4105 1242 4202 patuisset
1257 4139 1266 4193 ;

550 4389 553 4396 ,
569 4315 584 4354 ¹
605 4321 712 4400 Eunp.
728 4319 912 4398 1111111167.
