3058 4902
294 343 361 406 354
555 352 762 402 emarcum
789 353 1094 402 neamus-rmus.

293 505 418 580 formis
435 509 546 577 exuta
563 503 625 578 sed
645 505 683 576 in
702 505 840 600 species
857 527 943 576 suas
961 503 1085 578 divisa
1130 502 1240 578 Hunc
1257 503 1353 576 adeo

292 625 331 696 in
352 622 502 696 modum
525 619 679 717 simplici
701 627 739 692 et
761 619 939 694 ordinatae
963 621 1129 694 varietati
1152 629 1194 694 ut
1221 623 1274 694 ita
1297 623 1351 696 di·

291 762 372 810 cam
390 736 574 810 consuluit
593 735 773 809 Homerus
791 761 863 832 qua
881 737 1021 809 nullum
1039 739 1174 812 certius
1186 747 1248 812 'est
1268 739 1350 812 uni-

292 878 405 927 versae
422 851 703 949 pulchritudinis
720 852 954 950 principium.

341 971 409 1044 Est
442 982 480 1045 et
514 970 613 1044 aliud
648 971 686 1042 in
724 969 885 1042 Homero
916 980 1045 1044 notatu
1078 971 1240 1067 dignum,
1276 999 1351 1070 qua

292 1089 440 1162 scientia
467 1089 630 1185 personis
658 1087 733 1161 suis
761 1112 915 1184 praeesse
941 1089 1045 1173 solet,
1075 1113 1147 1185 qua
1176 1089 1350 1162 facilitate

291 1231 378 1280 suos
412 1207 544 1305 cuique
575 1229 693 1279 mores
721 1206 851 1300 tribuit
877 1213 915 1278 et
948 1207 1118 1278 omnibus
1148 1208 1349 1280 eorundem

292 1333 500 1421 temporum
517 1346 647 1410 mores,
667 1324 719 1395 ita
735 1329 779 1393 ut
795 1321 889 1395 inter
906 1345 991 1394 suos
1012 1324 1146 1419 passim
1164 1322 1349 1394 familiari-

207 1461 210 1468 ‘
291 1455 347 1517 ter
364 1443 498 1518 versari
515 1443 691 1515 videatur.
720 1441 895 1537 Virgilius
913 1449 1039 1515 contra
1062 1452 1235 1538 tanquam
1253 1443 1350 1515 inter

290 1560 434 1656 ignotos
450 1561 558 1657 plane
576 1557 757 1655 hospitem
775 1558 870 1654 agit:
902 1558 1025 1655 itaque
1049 1584 1144 1655 saepe
1162 1559 1348 1644 consulto,

290 1701 553 1775 nonnunquam
571 1675 680 1749 etiam
699 1676 958 1772 imprudenter,
977 1675 1015 1749 in
1032 1677 1243 1749 recentioris
1259 1685 1348 1748 aeta·

290 1795 338 1868 tis
361 1802 399 1869 ct
416 1795 588 1868 Romanae
610 1795 729 1889 gentis
755 1817 875 1865 mores
901 1793 1089 1866 delabitur.
1146 1793 1228 1866 Hoc
1246 1796 1347 1890 quod

290 1915 419 2008 loquor
438 1911 541 1984 facile
563 1910 787 2006 comparebit
809 1909 923 2006 siquis
946 1910 1107 1982 conferat
1131 1909 1276 2006 Ulyssis
1300 1913 1346 1984 ad

291 2028 435 2102 Alcinoi
456 2029 589 2123 regiam
609 2028 808 2099 adventum
826 2050 911 2099 cum
930 2025 1130 2121 virgiliano
1148 2025 1279 2100 AEneae
1300 2029 1346 2100 ad

290 2142 481 2216 Didonem.
524 2142 567 2214 ln
584 2143 698 2215 altero
718 2141 914 2214 Heroicam
931 2140 1198 2237 simplicitatem
1216 2165 1344 2236 agnos-

290 2283 362 2346 cas,
381 2257 420 2332 in
439 2260 554 2331 altero
574 2261 667 2331 aulae
684 2256 856 2330 Palatina
881 2259 1119 2331 excultiorem
1141 2282 1346 2332 sermonem

290 2383 328 2448 et
344 2400 515 2474 pompam
533 2377 649 2471 magis
663 2374 893 2471 exquisitam.
929 2373 1012 2446 Pari
1030 2375 1222 2448 rationein
1236 2373 1343 2449 Belo-

290 2491 345 2587 gis
371 2492 445 2566 suis
471 2517 492 2564 a
518 2501 704 2588 pastorum
731 2489 885 2588 simplici
908 2491 984 2564 vita
1007 2492 1054 2564 ad
1080 2515 1136 2564 res
1159 2492 1342 2564 Romame

289 2622 326 2682 et
343 2609 466 2683 civiles
484 2631 601 2682 mores
627 2631 722 2704 saepc
739 2608 882 2694 transit,
902 2633 1019 2705 neque
1045 2609 1141 2681 intra
1163 2617 1342 2704 agrestem

289 2727 529 2799 rusticitatem
548 2749 587 2798 se
604 2725 789 2798 continere
807 2733 929 2821 potest
946 2749 1063 2822 neque
1081 2727 1225 2820 satagit.
1277 2725 1342 2798 Et·

288 2843 386 2916 enim
408 2843 616 2941 perdifficile
639 2854 695 2916 est
714 2851 829 2914 totam
853 2849 1012 2914 mentem
1031 2841 1067 2913 in
1086 2843 1239 2914 alienam
1257 2849 1342 2914 aeta-

289 2970 364 3033 tem
397 2971 462 3034 aut
495 2961 680 3056 regionem
713 2983 784 3032 usu
819 2984 948 3055 parum
980 2959 1084 3032 nobis
1118 2967 1342 3056 compertam

287 3079 481 3151 transferre
506 3087 543 3150 et
568 3078 606 3150 in
624 3101 666 3148 ea
693 3077 755 3149 diu
780 3083 993 3172 occupatam
1022 3076 1174 3162 habere;
1211 3075 1342 3171 perdis-

288 3195 383 3266 licilo
401 3202 468 3281 est,
488 3195 525 3267 in
542 3196 651 3290 longo
669 3218 789 3290 opere,
809 3193 871 3266 ubi
888 3201 991 3266 tuam
1017 3193 1131 3289 ipsius
1155 3195 1341 3290 experien-

288 3313 376 3386 tiam
407 3313 555 3386 omnino
588 3318 835 3406 transgressus
866 3311 975 3384 fueris
1006 3319 1044 3384 et
1077 3311 1124 3384 ad
1155 3325 1272 3386 artem
1302 3320 1342 3384 te

287 3428 494 3514 contuleris,
519 3437 736 3502 cunctarum
758 3429 918 3525 partium
942 3429 1037 3502 inter
1060 3453 1098 3502 se
1125 3429 1341 3502 convenien-

286 3546 377 3618 tiam
394 3569 547 3618 servare.
601 3544 764 3618 Homero
782 3544 942 3641 quidem,
961 3547 1023 3643 qui
1046 3544 1083 3618 in
1101 3555 1209 3618 aetate
1232 3557 1341 3642 atque

287 3663 382 3736 inter
409 3661 574 3735 homines
605 3662 883 3759 propemodum,
908 3663 1002 3736 inter
1025 3686 1146 3735 mores
1169 3673 1266 3734 certe
1295 3662 1341 3734 de

286 3780 419 3876 quibus
442 3777 585 3874 scripsit
612 3778 690 3875 ipse
714 3777 819 3864 vixit,
844 3802 889 3851 ex
918 3780 1142 3875 temporibus
1169 3777 1245 3850 suis
1271 3777 1343 3850 hoc

287 3896 491 3971 subsidium
505 3899 602 3969 ultro
615 3895 775 3969 accessit.
806 3896 879 3968 Sed
890 3895 1002 3993 ipsius
1016 3897 1142 3992 peritia
1156 3897 1193 3968 in
1207 3893 1342 3992 excipi·

286 4016 381 4087 endo
398 4013 469 4086 hoc
486 4010 646 4085 subsidio
664 4011 774 4107 digna
790 4017 847 4084 est
863 4037 974 4109 quam
992 4013 1334 4086 animadvertamus.

340 4129 429 4204 Haec
455 4129 568 4228 igitur
584 4129 694 4202 habui
716 4154 796 4226 quae
820 4130 864 4202 de
883 4129 1086 4202 Homericis
1113 4131 1275 4226 personis
1303 4129 1340 4202 in

287 4271 417 4343 genere
442 4247 719 4345 praemitterem:
757 4247 889 4343 quibus
918 4247 1094 4320 absolutis
1122 4246 1168 4318 ad
1199 4247 1339 4319 Aristo·

286 4365 395 4436 telica
418 4391 462 4436 ex
485 4367 551 4438 bac
575 4371 675 4459 parte
698 4373 874 4462 praecepta
894 4367 971 4464 jam
997 4366 1160 4440 devenio.
1203 4365 1341 4438 Omnia
