3058 4908
430 353 643 402 ranacario
663 356 968 419 necrus-omnm.
1169 351 1232 414 245

179 505 368 581 distinctas
385 518 505 604 partes
529 509 676 606 colligat
696 522 732 585 et
753 538 813 586 eas
833 515 871 587 in
888 541 1005 589 unum
1022 527 1246 613 componat,·

178 626 236 696 vel
265 636 385 699 totum
410 626 582 723 quiddam
604 628 641 700 in
667 640 787 725 partes
818 656 901 706 snas
929 634 1078 706 scindat.
1134 633 1232 708 Hinc

178 741 419 840 philosopbiae
446 742 543 817 viam
572 747 682 819 struit
713 747 801 821 dum
838 773 893 822 res
928 750 1131 824 individuas
1162 752 1232 825 sub

178 859 442 934 universalibus
472 859 664 935 distribuit.
719 864 817 939 Hinc
848 865 885 939 in
913 865 1121 942 Geometria
1146 867 1231 940 Pro-

178 977 376 1072 positiones
402 988 438 1052 et
462 977 701 1052 Theoremata
729 980 824 1059 inter
847 1007 886 1056 se
913 983 1051 1057 confert
1078 1009 1163 1057 eum
1193 984 1231 1058 in

177 1093 290 1166 finem
313 1101 357 1168 ut
378 1100 498 1168 totum
523 1101 680 1191 systema
701 1101 892 1195 compleat.
947 1098 1042 1175 Hinc
1062 1100 1232 1176 Historiae

178 1217 216 1283 et
233 1210 399 1284 Poetices
423 1219 638 1307 argumenta
660 1214 711 1286 ita
736 1215 991 1313 componimus
1013 1223 1054 1290 ut
1080 1241 1232 1291 accusa

179 1329 225 1400 ad
254 1327 425 1428 effectum
450 1329 733 1425 progrediamur,
760 1343 869 1431 atque
898 1334 970 1406 isto
1000 1335 1067 1407 snb
1093 1333 1231 1407 intuitu

178 1451 295 1519 totam
311 1469 389 1518 rem
406 1449 712 1543 complectamur:
736 1451 813 1548 pari
830 1452 942 1525 modo
958 1451 1072 1548 ipsius
1091 1459 1231 1526 naturae

178 1587 287 1658 opera
312 1565 602 1660 contemplamur
627 1567 658 1638 si
691 1567 784 1640 forte
818 1593 987 1642 eruamus
1015 1593 1057 1642 ea
1084 1569 1231 1643 vincula

177 1703 258 1776 quae
274 1679 344 1753 ista
363 1679 400 1752 in
419 1705 535 1754 unum
552 1705 683 1778 corpus
710 1686 959 1781 compingunt.
1013 1683 1082 1759 Sed
1101 1710 1145 1759 ex
1163 1686 1231 1760 hac

177 1803 279 1893 parte
296 1796 438 1870 infinita
453 1800 526 1872 lere
545 1799 757 1897 disceptatio
774 1809 885 1897 patet.
938 1802 1057 1876 Nobis
1075 1803 1161 1876 huic
1178 1805 1230 1876 rei

176 1915 400 1988 illustrandae
428 1916 593 2003 sufficiat,
625 1942 698 2013 qua
727 1943 801 1990 non
828 1917 925 1991 aliud
953 1919 1141 2013 pulchrius
1169 1943 1230 1992 ex·

176 2033 336 2129 emplum
353 2032 456 2106 facile
473 2033 640 2129 reperias,
661 2034 813 2108 Homeri
831 2033 926 2107 Iliae.

127 2189 131 2196 ·
228 2151 300 2224 Sed
326 2162 368 2224 ut
394 2152 464 2225 hoc
489 2157 656 2225 accurate
685 2152 888 2226 excutiatur
915 2151 1083 2226 universa
1112 2151 1230 2249 operis

175 2268 291 2342 forma
307 2270 345 2341 in
363 2279 524 2342 mentem
542 2270 742 2342 revocanda
759 2279 823 2342 est.
866 2268 927 2341 Ita
943 2268 1055 2365 igitur
1073 2269 1229 2366 demptis

176 2409 412 2482 personarum
426 2396 463 2459 et
475 2396 679 2482 temporum
694 2386 903 2460 differentiis
921 2397 1126 2482 exponatur
1137 2388 1228 2461 illud

177 2517 274 2614 quod
290 2529 397 2590 vocat
414 2517 626 2590 Aristoteles
644 2504 687 2588 τὸ
706 2501 880 2588 καθόλου.

227 2632 353 2730 Longa
383 2633 569 2707 obsidione
602 2633 779 2730 premitur
807 2634 893 2706 urbs
927 2631 1050 2728 magni
1085 2632 1229 2729 imperii

176 2751 400 2846 metropolis.
451 2749 506 2823 Ea
523 2775 544 2823 a
560 2749 699 2824 civibus
718 2751 794 2823 suis
820 2749 1053 2846 pertinaciter
1070 2748 1229 2822 defendi·

174 2873 248 2940 tur.
281 2867 524 2964 Oppugnatur
541 2873 667 2940 contra
685 2892 706 2940 a
724 2889 918 2940 numeroso
936 2865 1095 2940 exercitu
1113 2867 1227 2939 ductu

174 2984 381 3082 principum
405 2984 633 3081 quorundam
663 2985 757 3058 inter
784 3009 822 3057 se
850 2984 1136 3081 conjuratorum,
1164 2983 1228 3080 qui

174 3123 257 3172 cum
289 3121 413 3171 omnes
443 3098 541 3197 apud
571 3122 656 3171 suos
686 3122 829 3171 summa
858 3104 944 3170 sunt
978 3103 1158 3194 potestate
1188 3098 1226 3168 in

173 3216 258 3288 belli
275 3221 397 3288 tamen
414 3239 503 3288 usus
524 3216 710 3288 communi
733 3239 914 3289 consensu
930 3214 994 3287 uni
1012 3213 1229 3311 Imperatori

172 3341 311 3429 parent.
365 3331 532 3408 Durante
549 3333 643 3406 bello
667 3357 752 3405 casu
771 3332 928 3428 quodam
952 3333 1048 3404 inter
1065 3317 1225 3426 impera-

173 3462 289 3523 torem
317 3449 457 3523 buncce
480 3459 516 3523 et
546 3473 656 3522 unum
684 3475 730 3522 ex
756 3449 979 3546 principibus
1006 3447 1067 3544 qui
1093 3449 1228 3521 virtute

172 3567 299 3641 bellica
323 3573 360 3640 et
385 3567 494 3640 animi
513 3566 666 3640 elatione
692 3565 829 3640 caeteris
856 3567 1025 3638 omnibus
1051 3563 1225 3660 praecellit

132 3677 142 3700 '
172 3685 334 3757 exoritur
363 3683 619 3757 controversia.
672 3683 770 3755 Hinc
800 3683 1021 3754 authoritate
1053 3705 1119 3754 sua
1149 3680 1225 3753 Im-

171 3811 317 3897 perator
334 3802 373 3873 in
395 3801 543 3875 alterius
562 3800 732 3896 injuriam
749 3798 923 3883 abutitur,
942 3797 1002 3870 ille
1026 3805 1153 3872 contra
1173 3796 1227 3870 ira

171 3928 280 4014 atque
310 3917 393 3991 odio
420 3919 588 3998 incensus
618 3918 663 3991 ab
692 3917 769 3989 acie
796 3939 834 3987 se
862 3921 899 3987 et
926 3937 1012 3986 suos
1042 3913 1224 4001 subducit,

171 4036 289 4133 specie
314 4039 441 4110 saltem
460 4039 497 4110 in
515 4035 670 4133 patriam
688 4057 909 4107 reversurus.
964 4031 1093 4105 Caeteri
1116 4031 1225 4103 inin·

170 4159 293 4250 coepto
318 4161 492 4252 perstant,
511 4163 547 4226 et
565 4154 688 4226 hostes
715 4151 940 4225 adoriuntur.
995 4148 1052 4221 Illi
1070 4149 1107 4222 in
1126 4173 1223 4221 cam-

169 4296 260 4368 pum
277 4273 468 4368 prodeunt.
522 4271 641 4343 Atrox
659 4293 782 4366 pugna
797 4266 991 4341 commissa
1008 4277 1074 4340 est.
1111 4265 1225 4337 Varia

169 4389 317 4464 sortuna
333 4391 503 4485 utrinque
526 4395 776 4462 concertatum
794 4395 859 4474 est,
879 4385 973 4458 intra
993 4409 1129 4481 paucos
1147 4383 1223 4456 dies
