<?xml version="1.0" encoding="UTF-8"?>
<!DOCTYPE html PUBLIC "-//W3C//DTD XHTML 1.0 Transitional//EN"
    "http://www.w3.org/TR/xhtml1/DTD/xhtml1-transitional.dtd">
<html xmlns="http://www.w3.org/1999/xhtml" xml:lang="en" lang="en">
 <head>
  <title>
</title>
<meta http-equiv="Content-Type" content="text/html;charset=utf-8" />
  <meta name='ocr-system' content='tesseract 3.04.00' />
  <meta name='ocr-capabilities' content='ocr_page ocr_carea ocr_par ocr_line ocrx_word'/>
</head>
<body>
  <div class='ocr_page' id='page_1' title='image "./prlectionesacad00randgoog_0312.png"; bbox 0 0 3058 4902; ppageno 0'>
   <div class='ocr_carea' id='block_1_1' title="bbox 295 297 1079 361">
    <p class='ocr_par' dir='ltr' id='par_1_1' title="bbox 295 297 1079 361">
     <span class='ocr_line' id='line_1_1' title="bbox 295 297 1079 361; baseline -0.01 0"><span class='ocrx_word' id='word_1_1' title='bbox 295 297 361 361; x_wconf 77' lang='lat'><strong>802</strong></span> <span class='ocrx_word' id='word_1_2' title='bbox 549 307 760 356; x_wconf 66' lang='lat' dir='ltr'><strong>rmarcrro</strong></span> <span class='ocrx_word' id='word_1_3' title='bbox 781 305 1079 355; x_wconf 66' lang='lat' dir='ltr'><strong>necrus-ocrim.</strong></span> 
     </span>
    </p>
   </div>
   <div class='ocr_carea' id='block_1_2' title="bbox 292 452 1355 1715">
    <p class='ocr_par' dir='ltr' id='par_1_2' title="bbox 292 452 1355 1715">
     <span class='ocr_line' id='line_1_2' title="bbox 295 452 1354 554; baseline -0.002 -24"><span class='ocrx_word' id='word_1_4' title='bbox 295 469 370 530; x_wconf 87' lang='lat' dir='ltr'><strong>tem</strong></span> <span class='ocrx_word' id='word_1_5' title='bbox 385 455 471 530; x_wconf 75' lang='lat' dir='ltr'><strong>ritae</strong></span> <span class='ocrx_word' id='word_1_6' title='bbox 496 456 745 554; x_wconf 82' lang='lat' dir='ltr'><strong>propellimur,</strong></span> <span class='ocrx_word' id='word_1_7' title='bbox 764 455 895 552; x_wconf 89' lang='lat' dir='ltr'><strong>quibus</strong></span> <span class='ocrx_word' id='word_1_8' title='bbox 921 452 1029 526; x_wconf 91' lang='lat' dir='ltr'><strong>alieni</strong></span> <span class='ocrx_word' id='word_1_9' title='bbox 1053 458 1175 526; x_wconf 85' lang='lat' dir='ltr'><strong>metus</strong></span> <span class='ocrx_word' id='word_1_10' title='bbox 1198 463 1236 527; x_wconf 90' lang='lat' dir='ltr'><strong>ct</strong></span> <span class='ocrx_word' id='word_1_11' title='bbox 1257 454 1354 551; x_wconf 87' lang='lat' dir='ltr'><strong>peri-</strong></span> 
     </span>
     <span class='ocr_line' id='line_1_3' title="bbox 294 567 1355 665; baseline -0.006 -17"><span class='ocrx_word' id='word_1_12' title='bbox 294 575 378 648; x_wconf 92' lang='lat' dir='ltr'><strong>cula</strong></span> <span class='ocrx_word' id='word_1_13' title='bbox 402 578 440 646; x_wconf 89' lang='lat' dir='ltr'><strong>et</strong></span> <span class='ocrx_word' id='word_1_14' title='bbox 464 573 607 646; x_wconf 85' lang='lat' dir='ltr'><strong>dolores</strong></span> <span class='ocrx_word' id='word_1_15' title='bbox 634 595 731 645; x_wconf 90' lang='lat' dir='ltr'><strong>curae</strong></span> <span class='ocrx_word' id='word_1_16' title='bbox 758 582 845 644; x_wconf 88' lang='lat' dir='ltr'><strong>sunt</strong></span> <span class='ocrx_word' id='word_1_17' title='bbox 870 568 987 654; x_wconf 89' lang='lat' dir='ltr'><strong>nobis,</strong></span> <span class='ocrx_word' id='word_1_18' title='bbox 1011 569 1172 642; x_wconf 84' lang='lat' dir='ltr'><strong>Morales</strong></span> <span class='ocrx_word' id='word_1_19' title='bbox 1196 567 1355 665; x_wconf 90' lang='lat' dir='ltr'><strong>denique</strong></span> 
     </span>
     <span class='ocr_line' id='line_1_4' title="bbox 294 685 1353 787; baseline -0.003 -25"><span class='ocrx_word' id='word_1_20' title='bbox 294 712 387 787; x_wconf 89' lang='lat' dir='ltr'><strong>quos</strong></span> <span class='ocrx_word' id='word_1_21' title='bbox 403 698 536 763; x_wconf 88' lang='lat' dir='ltr'><strong>vocant</strong></span> <span class='ocrx_word' id='word_1_22' title='bbox 559 688 724 761; x_wconf 87' lang='lat' dir='ltr'><strong>affectus.</strong></span> <span class='ocrx_word' id='word_1_23' title='bbox 776 687 846 759; x_wconf 90' lang='lat' dir='ltr'><strong>His</strong></span> <span class='ocrx_word' id='word_1_24' title='bbox 863 685 1009 759; x_wconf 89' lang='lat' dir='ltr'><strong>Natura</strong></span> <span class='ocrx_word' id='word_1_25' title='bbox 1031 691 1206 783; x_wconf 79' lang='lat' dir='ltr'><strong>tanquam</strong></span> <span class='ocrx_word' id='word_1_26' title='bbox 1227 685 1353 759; x_wconf 90' lang='lat' dir='ltr'><strong>minis·</strong></span> 
     </span>
     <span class='ocr_line' id='line_1_5' title="bbox 294 801 1351 900; baseline -0.002 -22"><span class='ocrx_word' id='word_1_27' title='bbox 294 805 359 879; x_wconf 85' lang='lat' dir='ltr'><strong>tris</strong></span> <span class='ocrx_word' id='word_1_28' title='bbox 389 805 465 878; x_wconf 87' lang='lat' dir='ltr'><strong>suis</strong></span> <span class='ocrx_word' id='word_1_29' title='bbox 493 805 565 878; x_wconf 92' lang='lat' dir='ltr'><strong>ciet</strong></span> <span class='ocrx_word' id='word_1_30' title='bbox 594 829 662 879; x_wconf 90' lang='lat' dir='ltr'><strong>nos</strong></span> <span class='ocrx_word' id='word_1_31' title='bbox 692 805 739 878; x_wconf 93' lang='lat' dir='ltr'><strong>ad</strong></span> <span class='ocrx_word' id='word_1_32' title='bbox 769 803 952 900; x_wconf 85' lang='lat' dir='ltr'><strong>agendum</strong></span> <span class='ocrx_word' id='word_1_33' title='bbox 979 811 1016 875; x_wconf 89' lang='lat' dir='ltr'><strong>et</strong></span> <span class='ocrx_word' id='word_1_34' title='bbox 1042 801 1138 875; x_wconf 88' lang='lat' dir='ltr'><strong>inter</strong></span> <span class='ocrx_word' id='word_1_35' title='bbox 1166 803 1351 897; x_wconf 83' lang='lat' dir='ltr'><strong>agendum</strong></span> 
     </span>
     <span class='ocr_line' id='line_1_6' title="bbox 294 919 1351 1016; baseline -0.001 -23"><span class='ocrx_word' id='word_1_36' title='bbox 294 921 398 994; x_wconf 89' lang='lat' dir='ltr'><strong>nobis</strong></span> <span class='ocrx_word' id='word_1_37' title='bbox 432 922 653 995; x_wconf 80' lang='lat' dir='ltr'><strong>moderatur.</strong></span> <span class='ocrx_word' id='word_1_38' title='bbox 708 919 788 994; x_wconf 84' lang='lat' dir='ltr'><strong>Hos</strong></span> <span class='ocrx_word' id='word_1_39' title='bbox 818 943 948 1016; x_wconf 81' lang='lat' dir='ltr'><strong>capere</strong></span> <span class='ocrx_word' id='word_1_40' title='bbox 977 927 1015 992; x_wconf 88' lang='lat' dir='ltr'><strong>et</strong></span> <span class='ocrx_word' id='word_1_41' title='bbox 1043 919 1242 1014; x_wconf 86' lang='lat' dir='ltr'><strong>intelligere</strong></span> <span class='ocrx_word' id='word_1_42' title='bbox 1272 925 1351 992; x_wconf 88' lang='lat' dir='ltr'><strong>tam</strong></span> 
     </span>
     <span class='ocr_line' id='line_1_7' title="bbox 293 1035 1351 1135; baseline 0 -26"><span class='ocrx_word' id='word_1_43' title='bbox 293 1036 389 1110; x_wconf 89' lang='lat' dir='ltr'><strong>intra</strong></span> <span class='ocrx_word' id='word_1_44' title='bbox 406 1044 550 1112; x_wconf 81' lang='lat' dir='ltr'><strong>nosmet</strong></span> <span class='ocrx_word' id='word_1_45' title='bbox 575 1037 674 1135; x_wconf 92' lang='lat' dir='ltr'><strong>ipsos</strong></span> <span class='ocrx_word' id='word_1_46' title='bbox 691 1061 802 1134; x_wconf 89' lang='lat' dir='ltr'><strong>quam</strong></span> <span class='ocrx_word' id='word_1_47' title='bbox 826 1036 864 1108; x_wconf 94' lang='lat' dir='ltr'><strong>in</strong></span> <span class='ocrx_word' id='word_1_48' title='bbox 881 1037 962 1110; x_wconf 88' lang='lat' dir='ltr'><strong>aliis</strong></span> <span class='ocrx_word' id='word_1_49' title='bbox 983 1035 1105 1131; x_wconf 87' lang='lat' dir='ltr'><strong>magni</strong></span> <span class='ocrx_word' id='word_1_50' title='bbox 1129 1035 1178 1108; x_wconf 92' lang='lat' dir='ltr'><strong>sit</strong></span> <span class='ocrx_word' id='word_1_51' title='bbox 1202 1059 1351 1109; x_wconf 86' lang='lat' dir='ltr'><strong>necesse</strong></span> 
     </span>
     <span class='ocr_line' id='line_1_8' title="bbox 293 1150 1350 1252; baseline -0.003 -25"><span class='ocrx_word' id='word_1_52' title='bbox 293 1164 360 1227; x_wconf 88' lang='lat' dir='ltr'><strong>est.</strong></span> <span class='ocrx_word' id='word_1_53' title='bbox 412 1155 540 1252; x_wconf 88' lang='lat' dir='ltr'><strong>Itaque</strong></span> <span class='ocrx_word' id='word_1_54' title='bbox 560 1159 699 1228; x_wconf 87' lang='lat' dir='ltr'><strong>naturae</strong></span> <span class='ocrx_word' id='word_1_55' title='bbox 716 1154 850 1228; x_wconf 83' lang='lat' dir='ltr'><strong>loedere</strong></span> <span class='ocrx_word' id='word_1_56' title='bbox 870 1152 1043 1226; x_wconf 88' lang='lat' dir='ltr'><strong>levissimi</strong></span> <span class='ocrx_word' id='word_1_57' title='bbox 1067 1150 1199 1224; x_wconf 90' lang='lat' dir='ltr'><strong>mentis</strong></span> <span class='ocrx_word' id='word_1_58' title='bbox 1221 1151 1350 1224; x_wconf 62' lang='lat' dir='ltr'><strong>Quae</strong></span> 
     </span>
     <span class='ocr_line' id='line_1_9' title="bbox 293 1267 1348 1364; baseline -0.001 -22"><span class='ocrx_word' id='word_1_59' title='bbox 293 1277 417 1344; x_wconf 89' lang='lat' dir='ltr'><strong>motus</strong></span> <span class='ocrx_word' id='word_1_60' title='bbox 434 1271 585 1344; x_wconf 85' lang='lat' dir='ltr'><strong>trahunt</strong></span> <span class='ocrx_word' id='word_1_61' title='bbox 602 1293 669 1342; x_wconf 89' lang='lat' dir='ltr'><strong>nos</strong></span> <span class='ocrx_word' id='word_1_62' title='bbox 686 1271 734 1343; x_wconf 87' lang='lat' dir='ltr'><strong>ad</strong></span> <span class='ocrx_word' id='word_1_63' title='bbox 751 1293 829 1343; x_wconf 90' lang='lat' dir='ltr'><strong>sese</strong></span> <span class='ocrx_word' id='word_1_64' title='bbox 846 1275 884 1342; x_wconf 93' lang='lat' dir='ltr'><strong>et</strong></span> <span class='ocrx_word' id='word_1_65' title='bbox 902 1268 1155 1364; x_wconf 79' lang='lat' dir='ltr'><strong>expectatione</strong></span> <span class='ocrx_word' id='word_1_66' title='bbox 1173 1267 1348 1362; x_wconf 83' lang='lat' dir='ltr'><strong>defigunt.</strong></span> 
     </span>
     <span class='ocr_line' id='line_1_10' title="bbox 293 1385 1350 1482; baseline -0.002 -24"><span class='ocrx_word' id='word_1_67' title='bbox 293 1387 347 1460; x_wconf 89' lang='lat' dir='ltr'><strong>At</strong></span> <span class='ocrx_word' id='word_1_68' title='bbox 380 1411 509 1460; x_wconf 90' lang='lat' dir='ltr'><strong>eorum</strong></span> <span class='ocrx_word' id='word_1_69' title='bbox 541 1409 776 1482; x_wconf 86' lang='lat' dir='ltr'><strong>progressum</strong></span> <span class='ocrx_word' id='word_1_70' title='bbox 809 1385 955 1472; x_wconf 88' lang='lat' dir='ltr'><strong>intueri,</strong></span> <span class='ocrx_word' id='word_1_71' title='bbox 986 1408 1059 1480; x_wconf 91' lang='lat' dir='ltr'><strong>quo</strong></span> <span class='ocrx_word' id='word_1_72' title='bbox 1093 1389 1201 1479; x_wconf 91' lang='lat' dir='ltr'><strong>pacto</strong></span> <span class='ocrx_word' id='word_1_73' title='bbox 1235 1407 1274 1456; x_wconf 89' lang='lat' dir='ltr'><strong>se</strong></span> <span class='ocrx_word' id='word_1_74' title='bbox 1309 1385 1350 1456; x_wconf 92' lang='lat' dir='ltr'><strong>in</strong></span> 
     </span>
     <span class='ocr_line' id='line_1_11' title="bbox 293 1500 1350 1598; baseline -0.002 -22"><span class='ocrx_word' id='word_1_75' title='bbox 293 1527 410 1576; x_wconf 89' lang='lat' dir='ltr'><strong>unum</strong></span> <span class='ocrx_word' id='word_1_76' title='bbox 427 1503 614 1598; x_wconf 85' lang='lat' dir='ltr'><strong>eolligunt,</strong></span> <span class='ocrx_word' id='word_1_77' title='bbox 633 1508 671 1575; x_wconf 88' lang='lat' dir='ltr'><strong>et</strong></span> <span class='ocrx_word' id='word_1_78' title='bbox 692 1502 770 1598; x_wconf 90' lang='lat' dir='ltr'><strong>jam</strong></span> <span class='ocrx_word' id='word_1_79' title='bbox 790 1500 984 1576; x_wconf 79' lang='lat' dir='ltr'><strong>assuefacti</strong></span> <span class='ocrx_word' id='word_1_80' title='bbox 1008 1501 1131 1573; x_wconf 89' lang='lat' dir='ltr'><strong>animo</strong></span> <span class='ocrx_word' id='word_1_81' title='bbox 1151 1506 1190 1572; x_wconf 88' lang='lat' dir='ltr'><strong>et</strong></span> <span class='ocrx_word' id='word_1_82' title='bbox 1214 1501 1350 1596; x_wconf 82' lang='lat' dir='ltr'><strong>saepius</strong></span> 
     </span>
     <span class='ocr_line' id='line_1_12' title="bbox 292 1616 1348 1715; baseline -0.004 -23"><span class='ocrx_word' id='word_1_83' title='bbox 292 1617 525 1715; x_wconf 86' lang='lat' dir='ltr'><strong>redintegrati</strong></span> <span class='ocrx_word' id='word_1_84' title='bbox 549 1642 636 1692; x_wconf 90' lang='lat' dir='ltr'><strong>eum</strong></span> <span class='ocrx_word' id='word_1_85' title='bbox 661 1625 783 1691; x_wconf 89' lang='lat' dir='ltr'><strong>totum</strong></span> <span class='ocrx_word' id='word_1_86' title='bbox 808 1628 1001 1714; x_wconf 89' lang='lat' dir='ltr'><strong>occupant,</strong></span> <span class='ocrx_word' id='word_1_87' title='bbox 1029 1639 1221 1712; x_wconf 89' lang='lat' dir='ltr'><strong>personam</strong></span> <span class='ocrx_word' id='word_1_88' title='bbox 1247 1616 1348 1689; x_wconf 93' lang='lat' dir='ltr'><strong>deni·</strong></span> 
     </span>
    </p>
   </div>
   <div class='ocr_carea' id='block_1_3' title="bbox 292 1731 1348 1843">
    <p class='ocr_par' dir='ltr' id='par_1_3' title="bbox 292 1731 1348 1843">
     <span class='ocr_line' id='line_1_13' title="bbox 292 1731 1348 1843; baseline 0 -25"><span class='ocrx_word' id='word_1_89' title='bbox 292 1770 362 1841; x_wconf 89' lang='lat' dir='ltr'><strong>que</strong></span> <span class='ocrx_word' id='word_1_90' title='bbox 387 1731 578 1822; x_wconf 78' lang='lat' dir='ltr'><strong>rel&#39;Hdor</strong></span> <span class='ocrx_word' id='word_1_91' title='bbox 603 1748 799 1843; x_wconf 90' lang='lat' dir='ltr'><strong>complent,</strong></span> <span class='ocrx_word' id='word_1_92' title='bbox 821 1747 903 1842; x_wconf 83' lang='lat' dir='ltr'><strong>jure</strong></span> <span class='ocrx_word' id='word_1_93' title='bbox 929 1743 1069 1841; x_wconf 88' lang='lat' dir='ltr'><strong>optimo</strong></span> <span class='ocrx_word' id='word_1_94' title='bbox 1094 1747 1205 1818; x_wconf 86' lang='lat' dir='ltr'><strong>etiam</strong></span> <span class='ocrx_word' id='word_1_95' title='bbox 1230 1745 1348 1840; x_wconf 82' lang='lat' dir='ltr'><strong>magis</strong></span> 
     </span>
    </p>
   </div>
   <div class='ocr_carea' id='block_1_4' title="bbox 289 1862 1346 2192">
    <p class='ocr_par' dir='ltr' id='par_1_4' title="bbox 289 1862 1346 2192">
     <span class='ocr_line' id='line_1_14' title="bbox 291 1862 1346 1960; baseline 0.002 -26"><span class='ocrx_word' id='word_1_96' title='bbox 291 1873 450 1937; x_wconf 88' lang='lat' dir='ltr'><strong>arrectos</strong></span> <span class='ocrx_word' id='word_1_97' title='bbox 474 1863 585 1937; x_wconf 89' lang='lat' dir='ltr'><strong>habet</strong></span> <span class='ocrx_word' id='word_1_98' title='bbox 601 1863 767 1936; x_wconf 92' lang='lat' dir='ltr'><strong>omnium</strong></span> <span class='ocrx_word' id='word_1_99' title='bbox 784 1863 935 1936; x_wconf 89' lang='lat' dir='ltr'><strong>animos.</strong></span> <span class='ocrx_word' id='word_1_100' title='bbox 989 1862 1117 1960; x_wconf 86' lang='lat' dir='ltr'><strong>Itaque</strong></span> <span class='ocrx_word' id='word_1_101' title='bbox 1133 1867 1230 1936; x_wconf 89' lang='lat' dir='ltr'><strong>recte</strong></span> <span class='ocrx_word' id='word_1_102' title='bbox 1246 1864 1346 1959; x_wconf 87' lang='lat' dir='ltr'><strong>apud</strong></span> 
     </span>
     <span class='ocr_line' id='line_1_15' title="bbox 289 1977 1345 2076; baseline 0.003 -27"><span class='ocrx_word' id='word_1_103' title='bbox 289 1977 575 2074; x_wconf 87' lang='lat' dir='ltr'><strong>Xenophontem</strong></span> <span class='ocrx_word' id='word_1_104' title='bbox 602 1979 781 2065; x_wconf 85' lang='lat' dir='ltr'><strong>Socrates,</strong></span> <span class='ocrx_word' id='word_1_105' title='bbox 811 1979 899 2051; x_wconf 94' lang='lat' dir='ltr'><strong>dum</strong></span> <span class='ocrx_word' id='word_1_106' title='bbox 924 1979 1099 2076; x_wconf 87' lang='lat' dir='ltr'><strong>pictorem</strong></span> <span class='ocrx_word' id='word_1_107' title='bbox 1129 1979 1176 2052; x_wconf 85' lang='lat' dir='ltr'><strong>nd</strong></span> <span class='ocrx_word' id='word_1_108' title='bbox 1200 1979 1345 2052; x_wconf 85' lang='lat' dir='ltr'><strong>imitan-</strong></span> 
     </span>
     <span class='ocr_line' id='line_1_16' title="bbox 290 2093 1346 2192; baseline 0 -26"><span class='ocrx_word' id='word_1_109' title='bbox 290 2093 356 2166; x_wconf 92' lang='lat' dir='ltr'><strong>dos</strong></span> <span class='ocrx_word' id='word_1_110' title='bbox 373 2117 492 2167; x_wconf 91' lang='lat' dir='ltr'><strong>mores</strong></span> <span class='ocrx_word' id='word_1_111' title='bbox 516 2104 689 2190; x_wconf 91' lang='lat' dir='ltr'><strong>tanquam</strong></span> <span class='ocrx_word' id='word_1_112' title='bbox 712 2095 893 2190; x_wconf 90' lang='lat' dir='ltr'><strong>optimum</strong></span> <span class='ocrx_word' id='word_1_113' title='bbox 918 2093 1005 2168; x_wconf 90' lang='lat' dir='ltr'><strong>artis</strong></span> <span class='ocrx_word' id='word_1_114' title='bbox 1023 2117 1098 2169; x_wconf 80' lang='lat' dir='ltr'><strong>suae</strong></span> <span class='ocrx_word' id='word_1_115' title='bbox 1115 2118 1267 2192; x_wconf 90' lang='lat' dir='ltr'><strong>scopum</strong></span> <span class='ocrx_word' id='word_1_116' title='bbox 1284 2095 1346 2166; x_wconf 90' lang='lat' dir='ltr'><strong>ad·</strong></span> 
     </span>
    </p>
   </div>
   <div class='ocr_carea' id='block_1_5' title="bbox 289 2208 1347 2449">
    <p class='ocr_par' dir='ltr' id='par_1_5' title="bbox 289 2208 1347 2449">
     <span class='ocr_line' id='line_1_17' title="bbox 289 2208 1347 2321; baseline -0.001 -27"><span class='ocrx_word' id='word_1_117' title='bbox 289 2222 458 2295; x_wconf 77' lang='lat' dir='ltr'><strong>hortatur</strong></span> <span class='ocrx_word' id='word_1_118' title='bbox 474 2247 537 2297; x_wconf 88' lang='lat' dir='ltr'><strong>eos</strong></span> <span class='ocrx_word' id='word_1_119' title='bbox 555 2226 713 2321; x_wconf 86' lang='lat' dir='ltr'><strong>appellat</strong></span> <span class='ocrx_word' id='word_1_120' title='bbox 722 2223 741 2312; x_wconf 82' lang='lat'><strong>¹,</strong></span> <span class='ocrx_word' id='word_1_121' title='bbox 761 2212 804 2295; x_wconf 75' lang='grc' dir='ltr'><strong>τὸ</strong></span> <span class='ocrx_word' id='word_1_122' title='bbox 824 2212 1081 2294; x_wconf 74' lang='grc' dir='ltr'>πιθανώτατον</span> <span class='ocrx_word' id='word_1_123' title='bbox 1100 2217 1162 2294; x_wconf 81' lang='grc' dir='ltr'><strong>καὶ</strong></span> <span class='ocrx_word' id='word_1_124' title='bbox 1184 2208 1347 2314; x_wconf 79' lang='grc' dir='ltr'>ἥδιστον</span> 
     </span>
     <span class='ocr_line' id='line_1_18' title="bbox 290 2337 1343 2449; baseline 0 -29"><span class='ocrx_word' id='word_1_125' title='bbox 290 2344 352 2421; x_wconf 80' lang='grc' dir='ltr'><strong>καὶ</strong></span> <span class='ocrx_word' id='word_1_126' title='bbox 377 2339 630 2449; x_wconf 75' lang='grc' dir='ltr'>φιλικώτατον</span> <span class='ocrx_word' id='word_1_127' title='bbox 650 2345 710 2423; x_wconf 83' lang='grc' dir='ltr'><strong>καὶ</strong></span> <span class='ocrx_word' id='word_1_128' title='bbox 732 2337 998 2422; x_wconf 83' lang='grc' dir='ltr'>ποθεινότατον</span> <span class='ocrx_word' id='word_1_129' title='bbox 1023 2344 1084 2421; x_wconf 84' lang='grc' dir='ltr'><strong>καὶ</strong></span> <span class='ocrx_word' id='word_1_130' title='bbox 1110 2340 1343 2446; x_wconf 74' lang='grc' dir='ltr'>ἐρασμιώτα-</span> 
     </span>
    </p>
   </div>
   <div class='ocr_carea' id='block_1_6' title="bbox 186 2469 1344 4210">
    <p class='ocr_par' dir='ltr' id='par_1_6' title="bbox 186 2469 1344 4210">
     <span class='ocr_line' id='line_1_19' title="bbox 289 2469 1344 2576; baseline 0.005 -27"><span class='ocrx_word' id='word_1_131' title='bbox 289 2502 356 2549; x_wconf 89' lang='grc' dir='ltr'><strong>τον</strong></span> <span class='ocrx_word' id='word_1_132' title='bbox 380 2475 447 2570; x_wconf 65' lang='lat' dir='ltr'><strong>arie</strong></span> <span class='ocrx_word' id='word_1_133' title='bbox 470 2473 598 2576; x_wconf 78' lang='grc' dir='ltr'>ψυχῆς</span> <span class='ocrx_word' id='word_1_134' title='bbox 624 2469 723 2570; x_wconf 75' lang='grc' dir='ltr'>ἦθος.</span> <span class='ocrx_word' id='word_1_135' title='bbox 776 2480 891 2554; x_wconf 89' lang='lat' dir='ltr'><strong>Nulla</strong></span> <span class='ocrx_word' id='word_1_136' title='bbox 919 2487 1016 2554; x_wconf 89' lang='lat' dir='ltr'><strong>certe</strong></span> <span class='ocrx_word' id='word_1_137' title='bbox 1042 2479 1112 2553; x_wconf 89' lang='lat' dir='ltr'><strong>alia</strong></span> <span class='ocrx_word' id='word_1_138' title='bbox 1136 2505 1194 2553; x_wconf 88' lang='lat' dir='ltr'><strong>res</strong></span> <span class='ocrx_word' id='word_1_139' title='bbox 1221 2481 1344 2554; x_wconf 91' lang='lat' dir='ltr'><strong>animo</strong></span> 
     </span>
     <span class='ocr_line' id='line_1_20' title="bbox 289 2594 1344 2693; baseline 0.003 -28"><span class='ocrx_word' id='word_1_140' title='bbox 289 2594 448 2668; x_wconf 88' lang='lat' dir='ltr'><strong>humano</strong></span> <span class='ocrx_word' id='word_1_141' title='bbox 476 2597 592 2691; x_wconf 86' lang='lat' dir='ltr'><strong>magis</strong></span> <span class='ocrx_word' id='word_1_142' title='bbox 618 2596 814 2683; x_wconf 88' lang='lat' dir='ltr'><strong>blanditur,</strong></span> <span class='ocrx_word' id='word_1_143' title='bbox 837 2620 955 2693; x_wconf 90' lang='lat' dir='ltr'><strong>neque</strong></span> <span class='ocrx_word' id='word_1_144' title='bbox 984 2595 1022 2667; x_wconf 93' lang='lat' dir='ltr'><strong>iu</strong></span> <span class='ocrx_word' id='word_1_145' title='bbox 1045 2595 1115 2668; x_wconf 90' lang='lat' dir='ltr'><strong>alia</strong></span> <span class='ocrx_word' id='word_1_146' title='bbox 1144 2596 1259 2672; x_wconf 87' lang='lat' dir='ltr'><strong>verior</strong></span> <span class='ocrx_word' id='word_1_147' title='bbox 1287 2595 1344 2668; x_wconf 91' lang='lat' dir='ltr'><strong>in-</strong></span> 
     </span>
     <span class='ocr_line' id='line_1_21' title="bbox 289 2709 1343 2809; baseline 0.006 -28"><span class='ocrx_word' id='word_1_148' title='bbox 289 2709 403 2783; x_wconf 88' lang='lat' dir='ltr'><strong>veniri</strong></span> <span class='ocrx_word' id='word_1_149' title='bbox 427 2717 550 2809; x_wconf 91' lang='lat' dir='ltr'><strong>potest</strong></span> <span class='ocrx_word' id='word_1_150' title='bbox 572 2713 818 2808; x_wconf 89' lang='lat' dir='ltr'><strong>pulchritudo,</strong></span> <span class='ocrx_word' id='word_1_151' title='bbox 839 2736 948 2808; x_wconf 90' lang='lat' dir='ltr'><strong>quam</strong></span> <span class='ocrx_word' id='word_1_152' title='bbox 967 2713 1005 2784; x_wconf 94' lang='lat' dir='ltr'><strong>in</strong></span> <span class='ocrx_word' id='word_1_153' title='bbox 1022 2712 1220 2785; x_wconf 85' lang='lat' dir='ltr'><strong>affectuum</strong></span> <span class='ocrx_word' id='word_1_154' title='bbox 1239 2713 1343 2809; x_wconf 88' lang='lat' dir='ltr'><strong>justo</strong></span> 
     </span>
     <span class='ocr_line' id='line_1_22' title="bbox 289 2827 1342 2925; baseline 0.006 -28"><span class='ocrx_word' id='word_1_155' title='bbox 289 2827 414 2898; x_wconf 89' lang='lat' dir='ltr'><strong>ordine</strong></span> <span class='ocrx_word' id='word_1_156' title='bbox 443 2837 480 2901; x_wconf 88' lang='lat' dir='ltr'><strong>et</strong></span> <span class='ocrx_word' id='word_1_157' title='bbox 513 2827 608 2900; x_wconf 88' lang='lat' dir='ltr'><strong>inter</strong></span> <span class='ocrx_word' id='word_1_158' title='bbox 637 2853 676 2900; x_wconf 92' lang='lat' dir='ltr'><strong>se</strong></span> <span class='ocrx_word' id='word_1_159' title='bbox 704 2829 843 2902; x_wconf 89' lang='lat' dir='ltr'><strong>ratione</strong></span> <span class='ocrx_word' id='word_1_160' title='bbox 855 2859 865 2917; x_wconf 90' lang='lat'>;</span> <span class='ocrx_word' id='word_1_161' title='bbox 902 2852 1020 2924; x_wconf 89' lang='lat' dir='ltr'><strong>neque</strong></span> <span class='ocrx_word' id='word_1_162' title='bbox 1049 2829 1120 2901; x_wconf 89' lang='lat' dir='ltr'><strong>alia</strong></span> <span class='ocrx_word' id='word_1_163' title='bbox 1149 2829 1264 2925; x_wconf 84' lang='lat' dir='ltr'><strong>magis</strong></span> <span class='ocrx_word' id='word_1_164' title='bbox 1295 2830 1342 2903; x_wconf 87' lang='lat' dir='ltr'><strong>ad</strong></span> 
     </span>
     <span class='ocr_line' id='line_1_23' title="bbox 287 2942 1342 3041; baseline 0.007 -28"><span class='ocrx_word' id='word_1_165' title='bbox 287 2942 488 3039; x_wconf 88' lang='lat' dir='ltr'><strong>principem</strong></span> <span class='ocrx_word' id='word_1_166' title='bbox 514 2944 613 3017; x_wconf 91' lang='lat' dir='ltr'><strong>illam</strong></span> <span class='ocrx_word' id='word_1_167' title='bbox 640 2943 835 3019; x_wconf 85' lang='lat' dir='ltr'><strong>Scientiam</strong></span> <span class='ocrx_word' id='word_1_168' title='bbox 862 2944 1074 3018; x_wconf 88' lang='lat' dir='ltr'><strong>deducimur</strong></span> <span class='ocrx_word' id='word_1_169' title='bbox 1099 2968 1171 3041; x_wconf 90' lang='lat' dir='ltr'><strong>qua</strong></span> <span class='ocrx_word' id='word_1_170' title='bbox 1198 2953 1342 3020; x_wconf 83' lang='lat' dir='ltr'><strong>nostrus</strong></span> 
     </span>
     <span class='ocr_line' id='line_1_24' title="bbox 287 3058 1339 3157; baseline 0.008 -29"><span class='ocrx_word' id='word_1_171' title='bbox 287 3058 439 3131; x_wconf 90' lang='lat' dir='ltr'><strong>affectus</strong></span> <span class='ocrx_word' id='word_1_172' title='bbox 468 3065 507 3132; x_wconf 86' lang='lat' dir='ltr'><strong>et</strong></span> <span class='ocrx_word' id='word_1_173' title='bbox 536 3061 700 3134; x_wconf 89' lang='lat' dir='ltr'><strong>habitum</strong></span> <span class='ocrx_word' id='word_1_174' title='bbox 730 3059 843 3134; x_wconf 90' lang='lat' dir='ltr'><strong>animi</strong></span> <span class='ocrx_word' id='word_1_175' title='bbox 873 3070 910 3134; x_wconf 89' lang='lat' dir='ltr'><strong>et</strong></span> <span class='ocrx_word' id='word_1_176' title='bbox 939 3085 1059 3134; x_wconf 86' lang='lat' dir='ltr'><strong>mores</strong></span> <span class='ocrx_word' id='word_1_177' title='bbox 1089 3063 1339 3157; x_wconf 89' lang='lat' dir='ltr'><strong>percallemus,</strong></span> 
     </span>
     <span class='ocr_line' id='line_1_25' title="bbox 288 3168 1340 3274; baseline 0.008 -28"><span class='ocrx_word' id='word_1_178' title='bbox 288 3175 432 3248; x_wconf 88' lang='lat' dir='ltr'><strong>durnin</strong></span> <span class='ocrx_word' id='word_1_179' title='bbox 449 3177 528 3251; x_wconf 88' lang='lat' dir='ltr'><strong>aliis</strong></span> <span class='ocrx_word' id='word_1_180' title='bbox 546 3203 673 3252; x_wconf 89' lang='lat' dir='ltr'><strong>eorum</strong></span> <span class='ocrx_word' id='word_1_181' title='bbox 692 3179 963 3253; x_wconf 88' lang='lat' dir='ltr'><strong>similitudinem</strong></span> <span class='ocrx_word' id='word_1_182' title='bbox 982 3187 1020 3253; x_wconf 90' lang='lat' dir='ltr'><strong>et</strong></span> <span class='ocrx_word' id='word_1_183' title='bbox 1044 3168 1237 3274; x_wconf 88' lang='lat' dir='ltr'><strong>imaginem</strong></span> <span class='ocrx_word' id='word_1_184' title='bbox 1255 3205 1340 3254; x_wconf 90' lang='lat' dir='ltr'><strong>con·</strong></span> 
     </span>
     <span class='ocr_line' id='line_1_26' title="bbox 287 3294 1341 3395; baseline 0.007 -31"><span class='ocrx_word' id='word_1_185' title='bbox 287 3294 526 3390; x_wconf 89' lang='lat' dir='ltr'><strong>templamur:</strong></span> <span class='ocrx_word' id='word_1_186' title='bbox 549 3296 646 3370; x_wconf 90' lang='lat' dir='ltr'><strong>unde</strong></span> <span class='ocrx_word' id='word_1_187' title='bbox 663 3308 700 3371; x_wconf 89' lang='lat' dir='ltr'><strong>et</strong></span> <span class='ocrx_word' id='word_1_188' title='bbox 716 3296 796 3393; x_wconf 90' lang='lat' dir='ltr'><strong>ipsa</strong></span> <span class='ocrx_word' id='word_1_189' title='bbox 804 3296 1038 3395; x_wconf 91' lang='lat' dir='ltr'><strong>Philosophia</strong></span> <span class='ocrx_word' id='word_1_190' title='bbox 1057 3321 1131 3370; x_wconf 93' lang='lat' dir='ltr'><strong>non</strong></span> <span class='ocrx_word' id='word_1_191' title='bbox 1148 3295 1341 3394; x_wconf 83' lang='lat' dir='ltr'><strong>dedignata</strong></span> 
     </span>
     <span class='ocr_line' id='line_1_27' title="bbox 287 3410 1338 3510; baseline 0.008 -30"><span class='ocrx_word' id='word_1_192' title='bbox 287 3413 344 3481; x_wconf 87' lang='lat' dir='ltr'><strong>est</strong></span> <span class='ocrx_word' id='word_1_193' title='bbox 369 3410 439 3484; x_wconf 93' lang='lat' dir='ltr'><strong>hoc</strong></span> <span class='ocrx_word' id='word_1_194' title='bbox 464 3410 627 3485; x_wconf 90' lang='lat' dir='ltr'><strong>Poetices</strong></span> <span class='ocrx_word' id='word_1_195' title='bbox 657 3413 846 3510; x_wconf 92' lang='lat' dir='ltr'><strong>proprium</strong></span> <span class='ocrx_word' id='word_1_196' title='bbox 871 3438 1006 3486; x_wconf 92' lang='lat' dir='ltr'><strong>munus</strong></span> <span class='ocrx_word' id='word_1_197' title='bbox 1036 3412 1104 3486; x_wconf 91' lang='lat' dir='ltr'><strong>sibi</strong></span> <span class='ocrx_word' id='word_1_198' title='bbox 1129 3413 1338 3488; x_wconf 86' lang='lat' dir='ltr'><strong>adsciscere.</strong></span> 
     </span>
     <span class='ocr_line' id='line_1_28' title="bbox 286 3525 1339 3630; baseline 0.009 -33"><span class='ocrx_word' id='word_1_199' title='bbox 286 3525 453 3630; x_wconf 72' lang='lat' dir='ltr'><strong>Feliciter</strong></span> <span class='ocrx_word' id='word_1_200' title='bbox 480 3535 576 3600; x_wconf 90' lang='lat' dir='ltr'><strong>certe</strong></span> <span class='ocrx_word' id='word_1_201' title='bbox 600 3529 705 3602; x_wconf 85' lang='lat' dir='ltr'><strong>Plato</strong></span> <span class='ocrx_word' id='word_1_202' title='bbox 733 3538 770 3602; x_wconf 90' lang='lat' dir='ltr'><strong>et</strong></span> <span class='ocrx_word' id='word_1_203' title='bbox 794 3529 1002 3627; x_wconf 89' lang='lat' dir='ltr'><strong>Xenophon</strong></span> <span class='ocrx_word' id='word_1_204' title='bbox 1029 3528 1274 3605; x_wconf 87' lang='lat' dir='ltr'><strong>Dramatioam</strong></span> <span class='ocrx_word' id='word_1_205' title='bbox 1302 3544 1339 3607; x_wconf 90' lang='lat' dir='ltr'><strong>et</strong></span> 
     </span>
     <span class='ocr_line' id='line_1_29' title="bbox 285 3641 1337 3743; baseline 0.007 -29"><span class='ocrx_word' id='word_1_206' title='bbox 285 3641 453 3717; x_wconf 88' lang='lat' dir='ltr'><strong>Ethicam</strong></span> <span class='ocrx_word' id='word_1_207' title='bbox 479 3645 675 3719; x_wconf 90' lang='lat' dir='ltr'><strong>disserendi</strong></span> <span class='ocrx_word' id='word_1_208' title='bbox 700 3646 854 3720; x_wconf 83' lang='lat' dir='ltr'><strong>sormam</strong></span> <span class='ocrx_word' id='word_1_209' title='bbox 873 3649 929 3720; x_wconf 91' lang='lat' dir='ltr'><strong>vel</strong></span> <span class='ocrx_word' id='word_1_210' title='bbox 955 3647 1024 3743; x_wconf 92' lang='lat' dir='ltr'><strong>ipsi</strong></span> <span class='ocrx_word' id='word_1_211' title='bbox 1050 3645 1214 3720; x_wconf 85' lang='lat' dir='ltr'><strong>Scientiae</strong></span> <span class='ocrx_word' id='word_1_212' title='bbox 1239 3649 1337 3721; x_wconf 90' lang='lat' dir='ltr'><strong>intu-</strong></span> 
     </span>
     <span class='ocr_line' id='line_1_30' title="bbox 285 3761 1336 3848; baseline 0.008 -16"><span class='ocrx_word' id='word_1_213' title='bbox 285 3761 419 3848; x_wconf 89' lang='lat' dir='ltr'><strong>lerunt,</strong></span> <span class='ocrx_word' id='word_1_214' title='bbox 450 3761 539 3835; x_wconf 90' lang='lat' dir='ltr'><strong>adeo</strong></span> <span class='ocrx_word' id='word_1_215' title='bbox 568 3768 611 3835; x_wconf 90' lang='lat' dir='ltr'><strong>ut</strong></span> <span class='ocrx_word' id='word_1_216' title='bbox 645 3788 719 3836; x_wconf 93' lang='lat' dir='ltr'><strong>non</strong></span> <span class='ocrx_word' id='word_1_217' title='bbox 746 3770 892 3837; x_wconf 85' lang='lat' dir='ltr'><strong>tantum</strong></span> <span class='ocrx_word' id='word_1_218' title='bbox 922 3763 1081 3836; x_wconf 86' lang='lat' dir='ltr'><strong>Socratis</strong></span> <span class='ocrx_word' id='word_1_219' title='bbox 1111 3770 1149 3836; x_wconf 88' lang='lat' dir='ltr'><strong>et</strong></span> <span class='ocrx_word' id='word_1_220' title='bbox 1182 3763 1336 3840; x_wconf 89' lang='lat' dir='ltr'><strong>aliorum</strong></span> 
     </span>
     <span class='ocr_line' id='line_1_31' title="bbox 286 3879 1337 3976; baseline 0.008 -26"><span class='ocrx_word' id='word_1_221' title='bbox 286 3885 500 3973; x_wconf 86' lang='lat' dir='ltr'><strong>argumenta</strong></span> <span class='ocrx_word' id='word_1_222' title='bbox 522 3879 586 3952; x_wconf 91' lang='lat' dir='ltr'><strong>sed</strong></span> <span class='ocrx_word' id='word_1_223' title='bbox 609 3881 805 3954; x_wconf 90' lang='lat' dir='ltr'><strong>eorundem</strong></span> <span class='ocrx_word' id='word_1_224' title='bbox 828 3881 937 3954; x_wconf 87' lang='lat' dir='ltr'><strong>etiam</strong></span> <span class='ocrx_word' id='word_1_225' title='bbox 963 3905 1136 3976; x_wconf 88' lang='lat' dir='ltr'><strong>personas</strong></span> <span class='ocrx_word' id='word_1_226' title='bbox 1157 3891 1194 3955; x_wconf 89' lang='lat' dir='ltr'><strong>et</strong></span> <span class='ocrx_word' id='word_1_227' title='bbox 1218 3908 1337 3958; x_wconf 79' lang='lat' dir='ltr'><strong>mores</strong></span> 
     </span>
     <span class='ocr_line' id='line_1_32' title="bbox 285 3995 1337 4096; baseline 0.008 -30"><span class='ocrx_word' id='word_1_228' title='bbox 285 3995 513 4070; x_wconf 87' lang='lat' dir='ltr'><strong>intueamur:</strong></span> <span class='ocrx_word' id='word_1_229' title='bbox 539 4021 619 4095; x_wconf 82' lang='lat' dir='ltr'><strong>quae</strong></span> <span class='ocrx_word' id='word_1_230' title='bbox 637 3995 748 4093; x_wconf 90' lang='lat' dir='ltr'><strong>siquis</strong></span> <span class='ocrx_word' id='word_1_231' title='bbox 766 3998 886 4071; x_wconf 91' lang='lat' dir='ltr'><strong>minus</strong></span> <span class='ocrx_word' id='word_1_232' title='bbox 905 3996 1003 4069; x_wconf 90' lang='lat' dir='ltr'><strong>videt</strong></span> <span class='ocrx_word' id='word_1_233' title='bbox 1020 4022 1076 4071; x_wconf 88' lang='lat' dir='ltr'><strong>nae</strong></span> <span class='ocrx_word' id='word_1_234' title='bbox 1093 3999 1197 4072; x_wconf 89' lang='lat' dir='ltr'><strong>illum</strong></span> <span class='ocrx_word' id='word_1_235' title='bbox 1210 3999 1337 4096; x_wconf 86' lang='lat' dir='ltr'><strong>effugit</strong></span> 
     </span>
     <span class='ocr_line' id='line_1_33' title="bbox 186 4111 1336 4210; baseline 0.009 -29"><span class='ocrx_word' id='word_1_236' title='bbox 186 4193 190 4198; x_wconf 43' lang='grc'>,</span> <span class='ocrx_word' id='word_1_237' title='bbox 284 4134 416 4205; x_wconf 85' lang='lat' dir='ltr'><strong>magna</strong></span> <span class='ocrx_word' id='word_1_238' title='bbox 439 4137 485 4185; x_wconf 86' lang='lat' dir='ltr'><strong>ex</strong></span> <span class='ocrx_word' id='word_1_239' title='bbox 509 4124 613 4210; x_wconf 89' lang='lat' dir='ltr'><strong>parte</strong></span> <span class='ocrx_word' id='word_1_240' title='bbox 639 4111 908 4188; x_wconf 79' lang='lat' dir='ltr'><strong>Socraticorum</strong></span> <span class='ocrx_word' id='word_1_241' title='bbox 933 4113 1141 4189; x_wconf 88' lang='lat' dir='ltr'><strong>chartarum</strong></span> <span class='ocrx_word' id='word_1_242' title='bbox 1164 4125 1336 4191; x_wconf 87' lang='lat' dir='ltr'><strong>venustas</strong></span> 
     </span>
    </p>
   </div>
   <div class='ocr_carea' id='block_1_7' title="bbox 612 4307 1007 4378">
    <p class='ocr_par' dir='ltr' id='par_1_7' title="bbox 612 4307 1007 4378">
     <span class='ocr_line' id='line_1_34' title="bbox 612 4307 1007 4378; baseline 0.005 -12"><span class='ocrx_word' id='word_1_243' title='bbox 612 4308 618 4341; x_wconf 85' lang='lat'><strong>¹</strong></span> <span class='ocrx_word' id='word_1_244' title='bbox 639 4307 809 4378; x_wconf 65' lang='lat' dir='ltr'><strong>Menam,</strong></span> <span class='ocrx_word' id='word_1_245' title='bbox 824 4309 843 4367; x_wconf 95' lang='lat' dir='ltr'><strong>l.</strong></span> <span class='ocrx_word' id='word_1_246' title='bbox 858 4308 901 4370; x_wconf 91' lang='lat' dir='ltr'><strong>iii.</strong></span> <span class='ocrx_word' id='word_1_247' title='bbox 916 4329 941 4369; x_wconf 93' lang='lat' dir='ltr'><strong>c.</strong></span> <span class='ocrx_word' id='word_1_248' title='bbox 962 4324 1007 4368; x_wconf 87' lang='lat' dir='ltr'><strong>ro.</strong></span> 
     </span>
    </p>
   </div>
   <div class='ocr_carea' id='block_1_8' title="bbox 0 0 1534 4902">
    <p class='ocr_par' dir='ltr' id='par_1_8' title="bbox 0 0 1534 4902">
     <span class='ocr_line' id='line_1_35' title="bbox 0 0 1534 4902; baseline 0 4"><span class='ocrx_word' id='word_1_249' title='bbox 0 0 1534 4902; x_wconf 95' lang='lat' dir='ltr'><strong> </strong></span> 
     </span>
    </p>
   </div>
  </div>
 </body>
</html>
