3058 4902
398 313 410 330 x
472 258 682 308 PRAELBOTIO
711 257 1064 307 videnlur-sucurram
1233 253 1297 321 363

242 408 475 482 cedimusilli
497 410 543 482 ad
564 409 755 482 arbitrium
777 434 882 482 suum
903 411 1085 484 delectum
1105 413 1232 503 lacere,
1253 443 1298 492 ex

240 527 350 600 variis
384 551 528 599 urorum
561 527 749 600 elementis
784 528 950 623 quamvis
985 531 1093 604 modo
1128 540 1215 629 apta
1248 537 1297 609 sit

242 669 456 740 compagem
479 644 624 740 fingere,
644 650 760 718 totam
783 645 856 718 fere
881 656 1050 719 naturam
1076 651 1296 746 perlustrare

241 762 338 834 unde
362 786 535 857 personas
559 785 642 836 suas
659 761 746 835 huic
769 768 835 834 aut
856 763 908 835 illi
932 763 1076 837 affectui
1095 767 1295 843 virtutibus

242 885 306 950 aut
318 876 417 952 vitiis
435 877 624 974 subjiciat3
652 878 715 952 sed
733 878 876 952 delectu
890 881 1002 951 semel
1020 881 1116 955 sacto
1131 884 1208 979 jam
1228 885 1295 962 sibi

242 995 311 1092 ipsi
336 996 471 1070 limites
501 997 808 1092 circumscripsit:
840 1020 989 1070 necesse
1015 1009 1070 1072 est
1095 1005 1294 1099 exemplari

242 1138 310 1186 suo
331 1114 410 1209 jam
436 1115 641 1212 composito
669 1125 705 1187 et
733 1115 771 1186 in
799 1115 961 1186 medium
990 1119 1132 1210 prolato
1164 1121 1200 1192 iu
1230 1145 1293 1194 cae·

243 1232 330 1303 teris
349 1232 517 1305 omnibus
536 1231 751 1305 satisfacere.
805 1231 954 1346 licetine
975 1243 1098 1306 autem
1122 1250 1156 1308 et
1179 1240 1295 1333 magis

242 1373 287 1420 ex
315 1360 391 1421 arte
420 1373 486 1422 sua
513 1349 614 1445 operi
645 1371 683 1420 se
714 1347 879 1444 accinget
914 1349 944 1419 si
976 1374 1020 1422 ex
1048 1353 1296 1446 praemeditato

243 1463 390 1537 Fabulae
417 1473 615 1560 conspectu
641 1487 878 1561 personarum
904 1467 1084 1539 delectum
1103 1468 1222 1556 saciat,
1242 1481 1295 1544 at-

243 1606 313 1676 que
330 1583 420 1655 adeo
438 1584 475 1654 iu
492 1583 573 1679 ipso
590 1583 755 1677 ingressu
775 1582 894 1677 operis
916 1582 982 1655 sibi
1001 1584 1098 1679 leges
1117 1585 1292 1680 imponat,

243 1699 331 1770 dum
353 1701 459 1771 rebus
483 1700 641 1771 inventis
659 1708 696 1771 et
719 1697 882 1770 ordinate
901 1699 1086 1794 dispositis
1104 1700 1294 1774 homiuum

243 1815 358 1911 quiin
376 1816 446 1889 illis
462 1828 652 1890 versantur
665 1816 777 1888 vitam
792 1825 827 1886 et
846 1840 964 1887 mores
983 1816 1179 1892 submittit.
1212 1820 1296 1893 Hoc

241 1933 320 2004 fieri
337 1942 458 2030 potest
476 1933 506 2006 si
532 1934 695 2029 personis
720 1932 794 2005 suis
820 1931 909 2005 istos
937 1957 1055 2007 mores
1082 1946 1119 2007 et
1144 1937 1295 2010 affectus

242 2051 379 2123 tribuat
405 2050 466 2147 qui
488 2051 668 2124 destinato
693 2074 813 2122 rerum
840 2049 973 2136 cursui,
999 2064 1108 2148 prout
1135 2051 1211 2126 vita
1241 2065 1296 2126 est

245 2168 416 2254 humana,
435 2168 593 2263 regendo
620 2175 657 2240 et
683 2166 868 2240 efficiendo
886 2168 1116 2242 conveniant.
1170 2171 1228 2244 Ita
1250 2193 1315 2244 eu¹
1368 2241 1370 2247 .

244 2283 305 2356 illa
334 2294 436 2381 parte
465 2310 545 2381 quae
580 2283 617 2356 in
648 2283 752 2358 Poesi
782 2307 908 2356 revera
936 2284 1018 2356 finis
1049 2298 1104 2359 est
1138 2289 1295 2382 profluet

244 2403 402 2476 secunda
421 2428 501 2499 quae
519 2403 627 2474 finem
646 2426 761 2499 prope
783 2401 931 2497 attingit
948 2408 985 2472 et
1001 2402 1047 2473 ab
1071 2404 1184 2475 altera
1201 2430 1295 2499 aegre

243 2518 435 2593 divellitur.
476 2520 640 2615 Hujusce
659 2518 769 2590 etiam
786 2517 973 2590 sententiae
991 2517 1194 2590 Homerum
1212 2544 1295 2594 auc-

241 2644 359 2709 torem
377 2638 563 2710 habemus.
622 2635 746 2708 Voluit
772 2633 943 2706 nimirum
964 2658 1010 2706 ex
1036 2633 1183 2708 dissidio
1200 2636 1296 2710 iuter

243 2756 334 2828 duos
352 2780 519 2852 proceres
537 2756 689 2828 durante
708 2779 839 2848 magno
866 2760 902 2824 et
920 2763 1068 2826 externo
1086 2755 1181 2827 bello
1201 2758 1296 2830 mala

243 2873 359 2946 multa
376 2880 412 2945 et
431 2872 679 2970 perturbatam
697 2895 815 2944 rerum
834 2870 959 2942 seriem
979 2871 1120 2943 exoriri.
1165 2871 1295 2969 Itaque

242 2988 344 3062 alteri
361 2990 488 3064 tribuit
512 2992 644 3063 fastum
670 2997 707 3062 et
734 2987 880 3060 nimiam
900 3012 975 3061 suae
993 2988 1177 3084 diguitatis
1201 2991 1293 3063 fidu-

241 3107 347 3195 ciam,
367 3108 469 3180 alteri
487 3107 571 3180 elati
588 3106 699 3180 animi
725 3106 891 3178 ardorem
911 3111 949 3176 et
974 3106 1203 3179 contumeliae
1230 3115 1295 3181 aut

241 3225 450 3321 ignomiuiae
467 3249 614 3298 sensum
633 3224 742 3296 nimis
760 3247 889 3295 aorem.
935 3221 1053 3295 Facile
1070 3248 1115 3296 ex
1134 3225 1212 3297 istis
1239 3225 1293 3297 iu-

240 3343 355 3436 geuiis
379 3341 473 3415 iuter
490 3367 528 3414 se
554 3341 756 3415 commissis
783 3340 904 3412 oblata
929 3339 1115 3412 occasione
1133 3341 1293 3414 conflan-

241 3471 303 3533 tur
331 3461 391 3534 irae
414 3472 451 3533 et
475 3457 670 3533 inimicitiae
693 3482 832 3553 graves,
861 3456 949 3529 dum
973 3481 1100 3529 eorum
1125 3458 1216 3531 alter
1240 3461 1294 3531 in-

240 3579 361 3652 leriori
393 3579 430 3651 in
460 3579 541 3652 loco
571 3575 766 3649 consistere
800 3579 955 3660 recuset,
987 3574 1078 3646 alter
1112 3575 1292 3648 neminem

240 3720 326 3769 cum
346 3697 465 3792 seipso
483 3691 695 3790 aequiparari
713 3691 801 3764 sinit
814 3720 876 3761 :-

637 3912 676 3922 —
693 3881 754 3954 drpp'
769 3880 797 3937 εὖ
812 3881 881 3951 rldpr

393 3981 500 4037 Ὀσσον
514 3983 641 4053 φέρτερός
655 3981 706 4049 εἶμι
721 3980 807 4041 σέθεν,
823 3977 922 4051 στυγέῃ
936 3977 964 4032 δὲ
978 3982 1019 4035 καὶ
1033 3979 1125 4041 ἄλλος.

392 4075 469 4135 ’icon
482 4079 538 4148 ἐμοὶ
552 4077 665 4149 φάσθαι,
680 4079 721 4131 καὶ
735 4075 923 4147 ὁμοιωθήμεναι
937 4077 1014 4145 ἄντην
1023 4069 1044 4142 ¹¹,

664 4267 674 4300 l
698 4271 740 4329 II.
757 4285 786 4331 A.
807 4273 872 4344 187.
