3094 4898
520 303 731 353 rnannorro
758 305 910 357 occura-
1180 303 1240 366 175

185 451 341 525 desuerit
364 453 583 526 vocabulum
600 455 705 528 facile
731 462 809 528 erat
829 465 1012 552 receptam
1035 482 1162 531 vocem
1184 462 1244 533 vel

184 570 354 642 recudere
372 571 429 642 vel
451 594 559 666 parce
577 571 804 668 detorquere,
824 573 924 645 salva
941 571 1086 646 interim
1107 575 1241 671 linguae

185 709 314 760 norma
338 693 376 759 et
398 688 569 784 puritate.
621 687 673 760 At
691 685 902 761 Lucretium
921 689 1032 762 habes
1054 692 1092 762 in
1109 691 1241 766 floren-

185 800 324 874 tissima
340 801 466 876 Romae
493 809 602 876 aetate
620 805 664 876 de
691 805 814 900 inopia
831 803 939 901 patrii
965 809 1141 880 sermonis
1167 835 1242 882 non

97 996 107 1004 ,
184 916 298 987 semel
321 916 615 1011 conquerentem.
670 920 720 990 At
739 915 952 990 Ciceronem
974 923 1105 1008 (acrem
1127 947 1241 1018 quan-

185 1031 321 1104 tumvis
348 1019 593 1130 Philosophiae
618 1033 793 1106 Romanae
819 1033 1012 1124 vindicem)
1034 1038 1160 1110 eadem
1186 1039 1241 1112 in-

184 1146 267 1244 opia
288 1149 339 1222 ita
364 1147 584 1247 implicitum
602 1155 645 1222 ut
669 1173 780 1224 unam
799 1150 1024 1248 eandemque
1042 1153 1241 1250 simplicem

184 1290 263 1338 rem
288 1277 465 1340 nontam
493 1267 716 1341 nominando
747 1266 921 1363 designet,
949 1293 1059 1366 quam
1085 1273 1242 1368 appella-

183 1382 327 1455 tionum
353 1383 520 1479 congerie
545 1392 715 1480 exponat,
734 1408 887 1480 quarum
914 1386 1014 1457 nulla
1040 1388 1146 1482 plene
1172 1387 1241 1484 ipsi

184 1497 408 1587 satisfecerit,
428 1507 466 1573 et
491 1525 576 1575 cum
597 1524 675 1572 rem
700 1501 817 1595 ipsam
844 1501 1150 1597 comprehendere
1167 1528 1241 1577 non

183 1615 301 1712 possit
318 1617 413 1689 circa
429 1617 528 1690 illam
546 1617 815 1714 quodammodo
833 1617 1009 1690 lascivire.

237 1732 424 1806 Hactenus
450 1733 561 1830 igitur
579 1735 623 1807 de
649 1734 720 1806 ista
746 1733 883 1807 Graeoae
909 1733 1043 1831 linguae
1060 1735 1240 1833 Analogia

185 1874 257 1946 qua
282 1874 403 1923 rerum
424 1857 594 1924 naturam
610 1851 662 1923 ita
689 1850 925 1947 subsequitur
942 1858 985 1923 ut
1011 1876 1240 1926 communem

185 1968 372 2042 materiem
389 1957 539 2042 dirersis
557 1967 682 2042 formis
700 1966 867 2041 indutam
879 1968 948 2070 sed
966 1970 1143 2042 tamenin
1161 1997 1239 2044 om-

183 2085 290 2158 nibus
308 2087 460 2160 eandem
477 2087 617 2174 referat,
633 2094 745 2182 atque
763 2109 808 2158 ex
827 2109 900 2157 una
917 2085 1030 2182 stirpe
1042 2087 1143 2160 vario
1157 2113 1237 2184 pro-

183 2210 297 2276 ventu
322 2203 506 2300 adsurgat.
559 2203 640 2276 Nec
657 2227 742 2276 vero
770 2201 828 2302 hic
854 2203 1027 2290 consisto,
1047 2204 1109 2276 sed
1128 2228 1173 2277 ex
1196 2229 1239 2278 ea

184 2323 288 2412 parte
304 2341 381 2390 rem
398 2317 566 2414 prosequi
584 2315 706 2403 velim,
727 2340 771 2389 ex
791 2340 862 2413 qua
880 2316 960 2388 illas
977 2341 1098 2389 rerum
1116 2319 1237 2407 series,

184 2456 263 2527 quae
281 2434 396 2528 magis
415 2435 636 2506 universales
663 2444 750 2509 sunt
770 2439 807 2504 et
833 2457 958 2506 earum
984 2432 1131 2530 insuper
1151 2460 1236 2531 pro-

183 2549 354 2644 prietates
384 2561 421 2624 et
448 2549 665 2624 differentias
696 2573 777 2646 quae
803 2550 948 2656 quidem
979 2549 1125 2646 majoris
1152 2561 1239 2626 sunt

184 2677 280 2740 notae
306 2669 459 2742 fideliter
481 2667 660 2764 exprimit.
714 2667 923 2740 Aristotelis
950 2672 992 2739 ut
1017 2667 1093 2740 dixi
1120 2667 1237 2742 distri-

183 2767 374 2860 butionem
399 2809 542 2884 sequor,
570 2811 689 2882 neque
719 2784 832 2858 alium
858 2782 973 2856 habeo
1001 2809 1110 2880 quem
1137 2789 1238 2884 sequi

182 2927 347 2999 possum.
401 2904 510 2981 Quod
545 2904 575 2977 si
605 2901 870 2999 Philosophicae
903 2900 965 2974 isti
999 2925 1120 2975 rerum
1154 2929 1237 3000 par·

181 3020 316 3109 titiani,
335 3029 373 3095 et
399 3023 624 3118 singularum
647 3022 819 3096 classium
845 3019 1125 3116 proprietatibus
1152 3035 1237 3120 apte

183 3139 401 3235 respondeat
419 3139 542 3236 lingua
560 3140 698 3225 Graeca,
719 3148 815 3212 certe
839 3161 913 3210 non
937 3127 1118 3212 immerito
1136 3140 1237 3214 illam

181 3256 228 3327 ad
246 3257 419 3330 amussim
436 3259 630 3332 confictam
648 3283 726 3332 esse
743 3255 982 3360 pronunciare
1000 3280 1206 3351 possumus.

235 3373 455 3449 Substantiae
471 3378 658 3473 proprium
676 3384 732 3449 est
755 3398 861 3472 posse
880 3398 991 3445 unam
1015 3375 1238 3473 eandemque

181 3517 260 3564 rem
277 3494 454 3566 contraria
479 3494 517 3566 in
536 3519 574 3568 se
600 3497 768 3592 recipere.
826 3491 922 3565 Sunt
947 3489 1057 3586 igitur
1074 3492 1111 3564 in
1138 3496 1237 3566 omni

181 3611 307 3706 lingua
332 3635 377 3682 ex
404 3617 557 3709 utraque
582 3619 685 3708 parte
707 3608 988 3682 Denominativa
1013 3633 1168 3704 quorum
1187 3612 1236 3682 al-

179 3735 364 3802 terutrum
381 3731 516 3826 pariter
541 3755 626 3803 cum
646 3729 818 3827 Subjecto
843 3751 910 3801 suo
929 3725 1111 3798 convenit.
1165 3727 1236 3800 Sed

180 3845 300 3919 Graeci
320 3847 432 3942 magis
451 3858 618 3921 accurate
636 3849 681 3921 ab
700 3849 762 3921 illa
777 3842 999 3920 Substantiae
1017 3843 1236 3938 proprietate

164 3987 257 4034 rem
275 3963 516 4051 deduxerunt,
536 3989 608 4061 qua
631 3976 668 4039 et
692 3965 846 4038 sonnarn
864 3971 900 4033 et
924 3949 1235 4055 formae'privatio-

179 4104 266 4153 nem
291 4080 448 4179 recipere
473 4087 605 4178 potest.
660 4082 704 4154 ln
723 4084 821 4155 hunc
846 4081 958 4153 finem
985 4109 1008 4153 α
1035 4103 1142 4154 suurn
1165 4079 1235 4175 pri-

178 4201 345 4274 vativum
375 4203 572 4276 commenti
602 4209 700 4290 sunt,
730 4202 827 4298 quod
857 4201 957 4273 omni
992 4199 1236 4299 qualicunque

180 4319 376 4416 privationi
394 4303 615 4394 declarandae
642 4319 832 4394 sufficeret.
884 4319 942 4392 Fit
958 4327 1092 4394 'autem
1109 4317 1234 4392 formae
