3058 4902
444 363 654 413 rnacncrro
674 364 976 416 cuorus-cerm.
1174 352 1238 416 311

189 523 227 590 et
260 517 426 590 nondum
460 513 546 587 satis
581 513 782 610 composito
816 512 925 588 insita
958 515 1096 589 radices
1130 517 1239 591 altius

188 638 315 729 agunt.
368 631 522 724 Reliqua
554 631 645 704 bene
686 631 800 703 multa
838 655 945 704 merae
981 641 1067 704 sunt
1101 633 1240 706 exuviae

189 772 281 844 quas
309 773 377 846 pro
407 756 570 843 tempore
598 751 637 818 et
670 747 856 818 occasione
885 746 999 821 sumit
1032 749 1174 822 animus
1204 757 1243 822 et

189 863 305 959 ponit,
329 887 411 959 quae
436 862 630 958 aliquando
657 871 779 934 tamen
804 861 856 934 ita
880 863 919 936 in
939 864 1241 938 cousuetudinem

188 981 322 1053 abeunt
347 992 390 1052 ut
418 979 503 1052 licet
534 1001 614 1051 sero
644 976 807 1052 adhibita
832 1003 917 1052 cum
947 979 1106 1054 moribus
1135 991 1242 1054 antea

188 1095 405 1192 comparatis
432 1096 641 1168 societatem
667 1092 801 1181 ineant,
831 1101 870 1168 et
893 1096 945 1168 ita
974 1096 1147 1170 tenaciter
1176 1098 1240 1170 ad-

187 1211 411 1285 careantur
436 1235 510 1283 non
535 1208 639 1282 facile
664 1209 769 1281 avelli
794 1211 946 1305 possint.
999 1211 1070 1285 Sed
1096 1219 1240 1286 mature

187 1349 393 1400 assuescere
416 1325 490 1399 sive
513 1324 674 1421 opinioni
697 1324 772 1398 sive
792 1327 938 1400 affectui
954 1330 1152 1402 maximum
1170 1335 1238 1415 est,

188 1442 396 1539 proximum
425 1441 487 1515 diu
517 1465 731 1516 assuescere.
783 1441 887 1515 Licet
915 1467 1000 1517 cnm
1030 1443 1239 1518 conditione

187 1559 271 1632 vitae
297 1565 439 1633 munta
458 1559 610 1632 veniunt
634 1567 670 1630 et.
695 1558 830 1631 abeunt
855 1583 985 1646 mores,
1005 1568 1093 1632 sunt
1117 1566 1240 1632 tamen

188 1675 354 1771 quaedam
383 1673 562 1770 plerisque
596 1697 677 1769 quae
710 1673 803 1747 inter
836 1699 1113 1750 omnes¹rerum
1142 1675 1238 1749 vices

187 1801 348 1879 manent,
361 1790 525 1887 quamvis
542 1814 608 1886 pro
625 1797 731 1862 aetate
748 1797 786 1862 et
802 1791 1006 1865 conditione
1024 1793 1104 1864 vitae
1122 1791 1240 1888 specie

187 1913 225 1980 et
252 1907 371 1981 colore
398 1915 436 1980 et
462 1913 612 1980 externo
640 1912 683 1978 ut
712 1907 761 1980 ita
783 1907 899 1980 dicam
927 1907 1052 1982 habitu
1077 1908 1166 1980 fiant
1188 1908 1239 1980 di·

186 2045 300 2096 versa.
353 2023 420 2096 Est
445 2023 542 2097 enim
570 2017 671 2095 utin
688 2022 795 2095 rebus
818 2023 870 2096 ita
887 2024 925 2096 in
950 2023 1061 2096 animi
1079 2023 1238 2098 motibus

186 2149 222 2213 et
245 2139 284 2213 in
306 2139 349 2212 iis
367 2165 448 2236 quae
473 2139 622 2236 pariunt
645 2138 805 2212 consiliis
822 2144 928 2212 tenor
939 2139 1086 2236 quidam
1103 2149 1139 2212 et
1157 2163 1239 2212 cur-

186 2279 261 2329 sus.
314 2255 407 2330 Sunt
424 2255 460 2328 in
479 2256 536 2328 his
553 2255 663 2328 etiam
681 2279 761 2351 quse
780 2257 836 2328 vel
862 2255 1062 2332 necessario
1079 2256 1137 2328 vel
1159 2279 1240 2351 pro·

186 2370 351 2446 habiliter
372 2395 498 2446 causas
522 2395 607 2444 suas
630 2372 851 2446 comitantur
872 2373 931 2445 vel
953 2378 1239 2468 consequuntur,

186 2523 268 2595 quae
284 2501 391 2588 fiunt,
411 2511 451 2574 ot
468 2525 553 2574 cum
569 2499 768 2573 Aristotele
785 2502 924 2597 loquar,
945 2489 1039 2570 κατὰ
1064 2487 1106 2570 τὸ
1125 2491 1240 2590 ἀναγ-

186 2613 292 2699 καῖον
320 2619 348 2721 ἤ
373 2619 416 2701 τὸ
447 2617 591 2704 εἰκὸς”.·
631 2628 686 2701 Ut
720 2629 765 2700 ad
800 2635 1054 2724 argumentum
1085 2627 1240 2722 denique

185 2746 341 2832 redeam,
365 2755 496 2841 preter
518 2745 581 2817 issa
602 2767 683 2839 quae
709 2769 754 2818 ex
781 2769 820 2816 re
845 2743 1026 2841 aliquast
1053 2741 1240 2815 occasione

186 2862 290 2935 nobis
307 2862 429 2934 oblata
445 2861 603 2934 eruenda
628 2865 727 2948 sunt,
748 2866 826 2934 tota
846 2860 1059 2957 opinionum
1077 2869 1114 2939 et
1133 2858 1240 2930 affec-

185 2985 293 3049 tuum
319 3001 511 3076 compages
538 2987 574 3051 et
602 3001 729 3050 eorum
756 2976 851 3051 inter
877 3001 915 3050 se
942 2975 1036 3049 ratio
1066 2982 1161 3071 (quae
1186 2973 1239 3046 in-

185 3093 299 3167 finitis
326 3093 400 3166 fere
426 3094 544 3168 modis
571 3092 700 3166 variari
728 3098 861 3190 potest)
893 3093 939 3166 ad
965 3092 1147 3188 agendum
1173 3115 1240 3163 nos

185 3208 374 3306 propellit:
408 3233 504 3306 soepe
521 3208 631 3282 etiam
648 3209 700 3282 ita
717 3211 954 3306 propellimur
969 3220 1166 3306 antequam
1183 3231 1240 3282 res

185 3323 265 3420 ipsa
295 3324 381 3398 satis
412 3326 590 3421 explorari
616 3331 749 3420 potest.
805 3323 844 3397 Si
873 3326 995 3423 itaque
1026 3325 1118 3398 hano
1142 3348 1239 3400 com-

185 3464 315 3536 pagem
344 3447 383 3514 et
411 3441 510 3514 hunc
526 3442 660 3514 mentis
691 3441 859 3515 habitum
889 3441 1175 3537 cognoverimus,
1195 3442 1240 3515 de

185 3556 343 3630 consiliis
369 3563 406 3630 et
422 3555 641 3631 Actionibns
665 3556 823 3630 hominis
844 3557 1020 3653 judicium
1042 3557 1132 3630 serre
1159 3581 1239 3650 pos·

185 3696 325 3759 sumus,
344 3673 532 3746 decorum
559 3675 688 3747 saltem
706 3697 846 3768 genere.
899 3672 1013 3746 Hisce
1038 3671 1136 3743 enim
1153 3695 1238 3744 con-

184 3787 273 3861 siliis
300 3790 410 3862 etiam
427 3813 484 3862 res
502 3790 581 3885 ipsa
608 3813 647 3862 se
672 3787 878 3885 permiscet,
897 3811 1014 3882 neque
1031 3796 1107 3860 tam
1133 3810 1239 3858 accu-

183 3910 262 3976 rate
281 3904 462 4000 judicium
488 3905 532 3978 de
552 3904 700 3979 alterius
726 3914 847 3977 mente
870 3904 959 3978 ferre
985 3926 1181 4000 possumus
1199 3909 1240 3974 ut

183 4019 378 4094 Actionem
401 4021 519 4118 ipsam
543 4023 676 4118 atejus
700 4021 851 4094 modum
869 4021 1097 4106 definiamus,
1116 4020 1239 4093 sedda

183 4135 261 4232 ejus
290 4161 422 4234 genere
451 4146 534 4212 tuto
559 4137 855 4233 pronunciamus,
888 4158 959 4234 ug.
988 4137 1018 4210 si
1049 4137 1094 4210 de
1119 4134 1238 4234 aliquo

600 4357 612 4390 ¹²
632 4347 727 4416 Poot„
741 4367 766 4408 c.
785 4367 794 4406 ι
803 4367 830 4426 ς.
