3058 4908
319 1113 715 1240 PRAELEOTIO
763 1112 1169 1208 DUODEOIMA.

600 1353 896 1364 —————-

220 1517 639 1660 HOMERICORUM
676 1526 883 1616 temporum
919 1543 961 1592 ea
998 1528 1053 1592 est
1089 1519 1193 1608 ratio,
1219 1456 1273 1594 ‘ut

309 1661 527 1734 quocunque
566 1661 606 1710 se
645 1643 833 1710 convertat
867 1637 1022 1726 enimus„
1059 1638 1184 1710 statim
1227 1664 1273 1712 ex

219 1752 318 1824 omni
349 1761 451 1851 parte
479 1755 646 1827 oriuntur
673 1762 710 1828 et
736 1756 918 1828 uberrima
943 1763 980 1828 et
1010 1758 1170 1829 materiae
1198 1781 1273 1829 non

218 1871 377 1964 vulgetae
411 1883 635 1968 argumente.
688 1872 777 1945 Post
806 1879 864 1946 tot
895 1873 1114 1968 quaestiones
1149 1898 1271 1970 super-

219 1996 305 2060 sunt
339 1989 458 2062 adbuc
492 1991 634 2062 minora
668 1991 846 2086 quaedam,
883 2013 963 2088 quae
997 1991 1036 2063 in
1070 1991 1271 2064 subsidium

218 2102 343 2178 Poetae
360 2130 433 2178 non
451 2107 543 2178 nihil
560 2108 804 2180 coutulerunt.
857 2089 985 2206 Itaque
1008 2131 1049 2179 ex
1068 2107 1111 2179 iis
1129 2107 1273 2206 Epilogi

218 2221 297 2293 loco
320 2223 485 2318 quaedam
508 2223 683 2318 attingere
701 2223 890 2312 destinavi,
909 2248 989 2322 quae
1012 2225 1080 2297 sub
1104 2225 1174 2297 illis
1192 2250 1272 2323 quae

213 2337 287 2433 jam
314 2347 420 2412 antea
445 2341 680 2414 tractavimus
707 2341 885 2437 capitibus
912 2367 987 2414 non
1013 2343 1160 2430 cadunt,
1185 2351 1273 2416 sunt

219 2463 342 2528 autem
359 2457 465 2530 molis
490 2483 564 2531 non
591 2460 875 2531 contemnendae.
928 2459 1052 2557 Atque
1079 2459 1154 2532 haro
1177 2462 1272 2554 cogi-

218 2572 313 2645 tanti
339 2575 420 2647 duae
445 2575 624 2672 praecipue
650 2599 706 2647 res
730 2600 808 2648 sese
835 2577 1003 2662 offerunt,
1024 2576 1187 2648 Heroicae
1206 2579 1271 2650 sci-

218 2690 302 2763 licet
328 2691 444 2765 aetatis
470 2691 700 2788 Mythologia
726 2701 761 2765 et
789 2693 1101 2777 Historia-eum
1128 2701 1271 2767 tautum

218 2806 256 2879 in
286 2809 397 2880 finem
427 2833 448 2882 a
482 2809 586 2881 nobis
618 2809 829 2897 tractandae,
862 2835 934 2906 quo
966 2811 1098 2882 melius
1130 2823 1272 2886 constet

219 2949 414 3022 quemnam
440 2926 630 3025 utriusque
656 2938 794 3000 statum
820 2927 888 3000 sibi
914 2926 1118 3022 subjectum
1144 2927 1272 3002 habuit

218 3041 494 3130 Poeta—unde
520 3044 659 3118 sabulas
686 3069 770 3118 suas
797 3045 873 3117 sive
897 3044 968 3116 illae
992 3043 1173 3139 religionis
1199 3045 1271 3120 sint

218 3159 294 3233 sive
321 3160 480 3234 historiae
505 3163 738 3259 congesserit,
758 3160 873 3259 qualis
891 3162 1045 3261 denique
1072 3168 1109 3234 et
1135 3170 1272 3258 quanta

218 3284 296 3350 erat
322 3279 552 3374 popularium
570 3303 717 3352 suorum
740 3278 961 3376 superstitio,
980 3288 1018 3352 et
1035 3279 1183 3376 quinam
1206 3304 1270 3352 an-

218 3397 329 3468 nales.
381 3395 601 3470 Fabulamm
635 3406 672 3470 et
707 3396 904 3492 Religionis
939 3421 1048 3469 usum
1084 3396 1269 3470 Poetioum

217 3536 324 3585 nemo
350 3511 515 3608 ignorat:
544 3513 686 3587 nullum
713 3537 876 3610 unquam
905 3513 1111 3609 legitimum
1136 3513 1271 3586 Poema

217 3631 478 3726 large-illarum
496 3654 613 3704 messe
636 3631 848 3718 comitant
870 3653 989 3703 carere
1011 3636 1142 3725 potest.
1196 3628 1269 3702 lta-

218 3773 288 3845 que
305 3745 510 3821 Homerum
531 3747 568 3821 in
587 3747 654 3821 hae
669 3773 708 3821 re
731 3747 916 3821 subsecuti
940 3753 1080 3820 suntet
1099 3745 1217 3818 Graeci
1233 3754 1270 3820 et

217 3863 349 3952 Latini,
381 3889 426 3938 ex
456 3865 581 3937 eadem
611 3865 760 3938 materia
789 3873 961 3960 portenta
994 3887 1061 3935 sue
1090 3872 1269 3950 eruentes,

217 3989 255 4056 et
273 3982 317 4054 ad
343 3982 495 4055 eandem
522 4005 686 4054 normam
704 3980 974 4076 confingentes3
1003 4001 1119 4075 neque
1145 4000 1270 4052 eorum

217 4097 371 4196 vestigia
396 4099 633 4172 deseruerunt
649 4095 847 4200 Nectarici,
867 4097 938 4169 nisi
958 4121 1003 4169 ex
1018 4096 1081 4169 illa
1106 4106 1208 4193 parte
1226 4121 1271 4170 ex

218 4240 291 4312 qua
314 4239 453 4288 novum
471 4213 735 4312 superstitionis
759 4223 918 4312 systema
941 4215 980 4286 in
1002 4214 1165 4312 poeticos
1182 4239 1271 4288 usus

217 4339 419 4422 traxerunt,
440 4343 476 4406 et
497 4332 533 4406 in
554 4331 684 4406 veteris
708 4332 830 4406 locum
849 4331 1078 4405 suffecerunt.
1125 4329 1196 4404 Sed
1214 4333 1272 4403 vel
