3094 4898
217 337 226 358 ·
299 309 362 370 114
618 331 832 381 remancrro
854 332 1022 382 suerrus.

297 501 414 574 neque
430 477 501 550 alia
516 476 584 551 fuit
602 482 646 550 ut
663 477 805 550 videtur
818 476 978 551 Platonis
992 479 1182 552 sententia.
1219 475 1350 550 Suidas

296 594 512 668 nominatim
540 600 703 666 recenset
731 617 774 666 ea
808 618 888 690 quae
918 592 1064 690 Orpheo
1099 594 1352 668 tribuebantur

297 742 417 813 opera,
437 725 474 792 et
491 719 634 813 singula
654 719 729 791 suis
751 717 964 791 authoribus
988 717 1134 791 addicit.
1187 717 1350 791 Onoma-

296 833 407 906 critus
429 834 539 909 etiam
561 841 736 930 tanquam
754 833 999 930 Orphicorum
1016 835 1221 907 carminum
1237 833 1350 928 scrip-

295 953 354 1020 tor
378 951 512 1046 passim
541 956 765 1024 memoratur
776 958 799 1023 ¹.
859 948 971 1033 Quod
1000 951 1189 1023 materiem
1218 950 1351 1023 attinet

294 1063 495 1161 fragmenta
516 1067 633 1138 haecoe
653 1064 787 1161 partim
811 1065 994 1160 religionis
1017 1073 1131 1152 erant,
1151 1089 1232 1162 quae
1254 1065 1349 1138 ritus

296 1186 334 1252 et
353 1181 521 1256 instituta
543 1181 785 1278 designarent,
804 1181 862 1254 vel
885 1182 1007 1268 etiam,
1026 1186 1068 1254 ut
1091 1187 1168 1253 erat
1192 1181 1349 1253 istorum

294 1301 502 1393 temporum
525 1297 629 1384 ratio,
648 1295 795 1371 Oraculi
816 1297 913 1370 vices
936 1302 1102 1391 gererent
1114 1328 1123 1384 ;
1150 1297 1282 1392 partim
1307 1295 1349 1369 iu

295 1413 424 1489 intima
439 1414 670 1511 philosophia
685 1423 723 1486 et
739 1413 944 1508 theologica
957 1437 1068 1508 quam
1083 1414 1262 1486 vocabant
1279 1411 1347 1485 sci·

295 1531 394 1603 entia
407 1533 652 1604 versabantur.
679 1530 736 1602 De
748 1529 930 1625 prioribus
943 1527 1057 1602 facilis
1070 1539 1125 1600 est
1137 1529 1302 1624 quaestio,
1316 1529 1348 1600 si

294 1644 525 1720 Herodotum
539 1647 669 1719 ducem
682 1669 876 1740 sequamur
886 1643 948 1740 qui
964 1645 1010 1722 de
1021 1643 1261 1717 Onomacritu
1275 1651 1348 1716 tes·

293 1777 395 1844 tatur
406 1797 491 1845 eum
505 1773 615 1846 fuisse
629 1761 802 1862 διάθετην
815 1768 1000 1866 χρησμῶν
1013 1768 1087 1842 τῶν
1100 1761 1302 1843 Μουσαίου
1314 1778 1346 1840 ¹:

293 1911 402 1984 porro
419 1889 464 1960 ab
482 1887 694 1985 Hipparcho
717 1878 835 1984 patria
857 1889 1004 1983 pulsum
1021 1887 1133 1960 fuisse
1150 1887 1248 1983 quod
1265 1909 1347 1959 ora-

294 2002 385 2076 culis
419 2003 498 2078 istis
532 2004 649 2078 aliena
681 2003 938 2099 interponeret,
966 2003 1092 2076 fraude
1125 2003 1349 2098 deprehensa

294 2124 331 2190 et
357 2119 526 2193 omnibus
543 2119 755 2207 notissima;
783 2143 850 2192 nec
868 2118 1106 2193 dubitandum
1125 2128 1180 2192 est
1199 2125 1348 2191 caeteros

292 2247 403 2320 etiam
420 2249 484 2345 qui
500 2251 655 2323 eundem
673 2259 852 2348 quaestum
877 2250 1094 2322 exercebant
1113 2231 1349 2344 (χρησμόλο-

292 2399 383 2466 γους
401 2377 520 2451 Groeci
536 2383 682 2466 vocant)
703 2378 750 2451 de
773 2401 840 2451 suo
863 2378 922 2448 vel
942 2378 1092 2450 omnino
1111 2376 1229 2448 velex
1246 2380 1351 2470 parte

293 2494 439 2565 oracula
460 2493 530 2592 ista
553 2494 803 2591 depromsisse.
857 2492 955 2566 Hinc
974 2491 1116 2565 Bacidis
1142 2491 1287 2564 oracula
1311 2495 1351 2562 et

293 2631 419 2681 eorum
437 2610 534 2706 apud
551 2635 636 2684 suos
657 2610 849 2706 populares
870 2633 977 2682 usum
994 2607 1257 2704 Aristophanes
1274 2629 1351 2678 non

294 2727 404 2798 semel
418 2727 543 2799 irridet
553 2723 577 2800 ¹².
613 2723 730 2799 Totus
744 2725 880 2797 etenim
892 2725 980 2798 artis
994 2724 1171 2818 sortilegae
1188 2730 1350 2818 quaestus

294 2863 339 2912 ex
357 2842 482 2915 fraude
498 2842 691 2939 pendebat,
710 2851 747 2914 et
764 2841 867 2913 novis
893 2841 1042 2937 antiqua
1067 2837 1264 2924 miscendo,
1283 2837 1349 2909 ob·

296 2979 400 3029 seura
412 2958 624 3046 notioribus
639 2957 755 3030 fiendi
769 2981 843 3029 suae
859 2958 1041 3052 religionis
1059 2955 1214 3051 speciem
1232 2953 1348 3026 obdu-

292 3072 433 3158 cebant,
452 3079 490 3145 et
512 3075 663 3147 fortasse
688 3074 728 3145 in
750 3072 820 3145 illis
844 3073 906 3168 qui
930 3096 1028 3145 nunc
1044 3077 1173 3144 extant
1189 3068 1349 3166 Hyrrmis

294 3185 465 3280 Orphicis
495 3191 582 3262 artis
613 3190 718 3262 istius
749 3189 927 3261 vocabula
953 3187 1085 3272 habes;
1118 3196 1218 3258 totus
1251 3183 1349 3256 enim

292 3302 383 3375 liber
403 3303 492 3375 nihil
515 3303 612 3377 aliud
630 3313 686 3377 est
703 3328 815 3400 quam
831 3303 1020 3375 nominum
1042 3311 1080 3376 et
1103 3301 1349 3400 epithetorum

293 3419 424 3515 quibus
446 3419 545 3495 Deos
571 3445 658 3495 suos
682 3422 901 3494 invocabant
923 3419 1117 3516 congeries.
1170 3417 1227 3490 De
1252 3417 1347 3511 srag-

293 3536 425 3612 mentis
442 3537 701 3634 philosophicis
718 3539 789 3610 alia
811 3542 867 3608 est
884 3536 1046 3632 quaestio,
1065 3561 1145 3631 quae
1163 3545 1297 3618 tamen,
1316 3532 1349 3604 si

293 3653 331 3726 in
364 3679 403 3728 re
433 3665 507 3728 tam
542 3655 677 3728 difficili
711 3655 836 3727 liceret
870 3677 996 3725 meum
1023 3651 1203 3747 judicium
1235 3647 1347 3720 inter-

292 3795 440 3868 ponere,
471 3796 516 3844 ex
552 3770 806 3867 Sophistarum
840 3768 974 3841 scholis
1007 3757 1222 3864 profluxisse
1251 3763 1349 3836 arbi·

294 3897 420 3974 trater,
449 3897 487 3960 et
516 3887 547 3960 si
576 3885 692 3981 magis
727 3897 894 3957 accurata
922 3883 1103 3956 sententia
1135 3879 1349 3976 proferenda

333 4083 343 4106 ¹
363 4075 418 4152 Ap.
441 4075 570 4134 Paeana
595 4074 679 4144 All,
700 4093 727 4134 c.
751 4093 799 4143 223
844 4073 983 4132 Clemens.
999 4072 1117 4136 Strom„
1129 4068 1150 4128 l.
1165 4067 1185 4129 i.
1201 4085 1227 4128 e.
1245 4092 1285 4128 ιι.

294 4151 545 4231 SextEmpiric.‚·
562 4151 801 4224 elementata,
881 4161 894 4190 ⁸
914 4151 984 4211 Lib.
999 4150 1048 4209 rii.
1064 4169 1091 4210 c.
1104 4159 1130 4209 6.

293 4240 323 4290 ct
336 4231 473 4301 Talion.‚·
495 4231 532 4290 de
546 4237 631 4291 aetate
703 4237 802 4291 tarum
881 4229 983 4288 '‘Vid.
1004 4228 1222 4307 Aristophanis,
1236 4227 1351 4294 'Imm

292 4316 325 4369 et
351 4309 562 4388 sortilegorum
588 4329 639 4368 rnu
653 4317 684 4370 ta
710 4309 802 4371 habet
843 4310 913 4370 Act.
929 4308 960 4383 i.,
974 4315 1007 4367 et
1019 4307 1153 4386 ejusdem
1168 4307 1287 4382 Εἰρήνην.

1535 2119 1536 2138 l

1535 2343 1536 2370 l

1535 2373 1536 2384 r

1534 2873 1536 2894 l

1535 3481 1536 3498 l
