3094 4898
295 279 359 342 128
625 299 841 349 ramincrro
864 301 1013 352 noram.

292 483 338 531 ne
361 457 467 530 nimis
489 457 561 530 late
583 457 725 552 evagari
749 457 947 546 videamur,
966 469 1004 533 et
1027 459 1066 532 in
1088 459 1186 534 hisce
1206 469 1347 560 tempo·

292 575 392 647 ribus
410 573 545 646 diutius
563 597 670 670 quam
687 597 754 669 par
770 584 827 647 cst
843 575 1052 648 immorari‘
1066 607 1129 648 :—

296 781 303 794 ,
430 724 448 752 “
459 718 583 798 ffmgula
596 719 669 780 dum
682 719 765 799 capti
777 719 1044 781 circumvectamur
1056 721 1189 783 amora.’'

342 849 400 922 De
424 849 602 923 scribendi
627 850 768 923 artibus
794 850 882 923 satis
903 850 982 946 jam
1008 851 1147 924 dictum
1169 858 1237 940 est,
1257 877 1348 951 quas

291 967 433 1062 quidem
464 989 587 1038 omnes
616 967 724 1038 unica
756 967 1064 1062 complectebatur
1091 967 1227 1041 Poesis.
1280 969 1346 1041 Pe·

291 1083 420 1155 destris
449 1081 544 1155 cnim
575 1081 704 1154 Oratio
733 1082 795 1154 vix
825 1082 1002 1155 Herodoti
1032 1106 1151 1155 aevum
1181 1091 1346 1158 anteoes-

291 1194 374 1286 sit-‘¹‚
400 1222 506 1294 quam
528 1207 624 1271 oerte
650 1199 845 1270 subsecuta
867 1207 922 1271 est
947 1199 1126 1271 scribendi
1156 1200 1195 1272 in
1224 1207 1347 1298 partes

291 1339 377 1387 suas
395 1313 612 1386 distributio,

342 1430 485 1502 Interea
508 1454 595 1502 vcro
612 1429 657 1501 de
675 1429 738 1502 illa
754 1430 898 1503 dicendi
920 1431 1051 1503 eximia
1072 1431 1247 1505 facultate
1263 1458 1345 1527 quae

291 1569 367 1618 rem
396 1545 578 1618 Poeticam
604 1555 678 1618 tam
707 1545 910 1642 propinqua
939 1549 1157 1642 cognatione
1186 1547 1344 1644 attingit,

291 1686 406 1758 panca
423 1662 648 1735 subtexenda
664 1686 744 1734 esse
761 1663 927 1749 arbitror,
945 1687 1020 1736 non
1033 1687 1077 1736 eo
1095 1664 1243 1760 quidem
1260 1689 1346 1738 con·

291 1777 371 1850 siho
398 1784 442 1851 ut
470 1784 583 1850 artem
613 1801 720 1872 quam
745 1784 880 1850 vocant
905 1777 1135 1850 Rhetoricam
1162 1779 1345 1853 Homerici

289 1894 401 1968 luisse
429 1894 497 1967 aevi
527 1893 765 1978 contendam
804 1895 867 1966 sed
896 1900 940 1966 ut
968 1893 1107 1966 animos
1139 1901 1282 1967 vestros
1316 1897 1346 1968 si

290 2011 383 2083 sorte
415 2011 643 2106 “quisquam
669 2009 779 2082 sacris
809 2009 867 2082 his
896 2008 1041 2082 sedibus
1069 2010 1141 2082 frui
1167 2010 1256 2084 velit
1266 2014 1289 2043 ”
1324 2036 1347 2084 a

289 2127 423 2200 sorensi
452 2126 719 2200 concertatione
743 2131 782 2198 et
807 2150 829 2198 a
855 2125 1106 2221 Sophistarum
1135 2124 1268 2198 scholis
1297 2126 1344 2198 ad

289 2245 369 2340 ipsa
388 2243 602 2341 eloquentia
627 2241 823 2339 primordia
844 2249 883 2314 et
902 2241 982 2337 ipsa
997 2242 1194 2337 penetralia
1210 2241 1344 2337 paulis-

288 2385 354 2456 per
378 2360 562 2432 abduoam.
615 2357 671 2431 De
696 2358 848 2431 artificio
875 2359 1016 2430 dicendi
1046 2359 1147 2430 nulla
1176 2368 1232 2430 est
1259 2383 1345 2431 con·

289 2477 474 2563 troversia,
503 2476 600 2571 quod
626 2482 724 2547 certe
750 2498 876 2548 omnes
902 2475 974 2547 fere
1000 2474 1170 2547 authores
1197 2473 1346 2570 Gorgia

290 2593 460 2666 leontini
487 2592 710 2687 temporibus
736 2591 926 2663 inventum
953 2588 1064 2662 fuisse
1092 2589 1208 2676 aiunt,
1235 2597 1274 2661 et
1298 2592 1345 2663 ab

287 2709 349 2780 illo
366 2710 528 2782 Athenas
553 2714 813 2779 transvectum.
866 2705 953 2777 Erat
975 2717 1100 2779 autem
1120 2705 1278 2779 Athenis
1301 2731 1345 2780 eo

287 2835 449 2921 tempore
478 2847 608 2920 magna
633 2822 884 2918 Sophistarum
916 2823 982 2909 vis,
1010 2844 1032 2893 a
1061 2819 1192 2917 quibus
1222 2821 1345 2894 omnia

287 2942 333 3013 ad
354 2950 543 3036 quaestum,
561 2940 606 3012 ad
630 2937 911 3024 contentionem,
930 2944 968 3008 et
989 2937 1035 3008 ad
1061 2935 1194 3030 ingenii
1220 2944 1344 3008 osten·

286 3059 460 3129 tationem
473 3057 788 3152 detorquebantur.
826 3043 885 3126 Ab
902 3054 1001 3126 hisce
1019 3054 1130 3148 igitur
1144 3053 1231 3125 viris
1248 3077 1344 3126 nova

287 3173 480 3245 Rhetorice
498 3172 601 3244 avide
617 3182 770 3267 excepta
786 3181 841 3243 est
862 3175 899 3242 et
922 3171 1079 3256 exculta,
1099 3169 1197 3241 unde
1214 3168 1343 3240 iisdem

287 3289 418 3384 quibus
440 3298 578 3360 caeterae
601 3297 696 3360 artes
722 3287 889 3359 sordibus
911 3283 1103 3380 inquinari,
1125 3294 1162 3357 et
1188 3285 1344 3381 gloriose

286 3429 365 3479 sese
381 3405 505 3476 efferre
521 3405 645 3499 coepit.
687 3401 901 3498 Philosophi
917 3401 1055 3474 interea
1071 3425 1147 3486 eos,
1166 3407 1343 3495 tanquam

285 3519 338 3590 illi
364 3517 517 3590 Romani
543 3515 720 3587 Censores
730 3521 755 3600 ⁰,
780 3515 907 3586 ludum
933 3511 1169 3609 impudentia
1194 3513 1342 3584 cludere

280 3634 469 3729 jubebant,
497 3640 535 3704 et
564 3629 633 3704 alia
662 3653 812 3727 prorsus
842 3627 901 3702 via
930 3640 1044 3702 artem
1073 3627 1211 3702 hancce
1235 3626 1340 3700 insti·

284 3752 448 3836 tuebant,
475 3751 528 3822 ita
553 3758 595 3821 ut
621 3747 712 3821 nihil
738 3746 836 3820 aliud
862 3745 930 3820 sibi
954 3745 1119 3819 relictum
1144 3769 1223 3820 esse
1248 3745 1338 3818 late·

283 3874 418 3951 rentur,
449 3865 520 3938 uisi
552 3876 596 3937 nt
624 3861 814 3958 Analytice
848 3885 974 3938 causas
1006 3861 1058 3934 rei
1090 3873 1128 3935 et
1161 3861 1338 3957 principia

283 3987 461 4068 eruerent,
493 4005 542 4053 ex
567 3979 665 4052 hisce
690 3985 814 4050 autem
835 3977 911 4072 jam
938 3975 1130 4048 intellectis
1156 3985 1337 4070 praecepta

283 4098 446 4187 quaedam
460 4105 704 4190 congererent,
716 4105 752 4167 et
765 4095 851 4166 artis
864 4094 967 4187 quasi
980 4101 1137 4188 systema
1149 4096 1187 4162 et
1203 4113 1335 4185 corpus

321 4270 330 4293 ‘
358 4259 463 4339 Vir-qil.
483 4261 597 4394 (imp,
611 4259 631 4318 l.
648 4259 690 4318 iii.
707 4271 763 4330 ²85·
866 4256 982 4316 ‘Dial
1004 4256 1039 4314 de
1065 4256 1169 4314 Cnosia
1196 4254 1332 4330 corrupt.

320 4338 332 4369 ‘¹
354 4337 423 4396 vid.
438 4339 547 4408 atrab,
575 4336 616 4396 .i.
825 4335 911 4414 Eloq.

1348 4375 1411 4444 Nx
1518 4373 1519 4408 l

1414 4421 1519 4585 ‘l
