3096 4886
332 247 378 312 46
673 267 886 316 Pamisum
912 267 1051 316 ωιτη.

335 415 486 492 macine.
543 413 699 488 Romani
734 419 831 488 certe
866 437 940 487 non
974 423 1060 488 ante
1092 413 1392 494 Deoemvirorum

334 539 553 634 potestatem
583 530 726 630 seriptis
754 530 895 628 legibus
924 533 1133 606 utebantur.
1186 533 1394 610 Verisimile

335 661 393 726 est
421 650 543 737 etiam,
570 649 669 746 quod
702 648 882 722 mirentur
908 645 1062 721 fortasse
1095 650 1275 738 nonnulli,
1305 652 1392 726 Cre-

336 778 477 842 tensem
494 768 594 842 illam
611 773 649 839 et
667 763 882 862 Spartanam
899 763 1128 860 disciplinam
1151 790 1233 862 qnae
1254 790 1319 863 per
1333 773 1393 841 tot

336 909 452 960 annos
474 885 684 980 inoorrupta
708 881 821 969 stetit,
846 904 922 956 non
947 881 1017 956 nisi
1038 881 1077 955 in
1102 884 1239 958 civium
1263 884 1392 959 animis

334 1005 459 1078 locum
474 999 654 1075 habuisse.
706 995 800 1083 Quae
818 1003 915 1072 certe
932 997 963 1072 si
974 997 1023 1073 sit
1039 999 1256 1096 scripturum
1269 1001 1392 1097 legum

335 1119 450 1214 origo,
477 1139 553 1192 non
577 1139 621 1190 eo
645 1138 762 1213 usque
786 1114 949 1207 provecti
982 1121 1070 1188 sunt
1096 1115 1213 1190 Graeoi
1243 1117 1392 1214 'Ibojani

336 1236 423 1312 belli
446 1234 698 1334 temporibus;
724 1233 801 1308 sive
824 1233 916 1306 illud
941 1232 989 1308 sit
1015 1233 1162 1308 Zaleuci
1187 1233 1390 1323 inventum,

337 1363 381 1429 ut
415 1353 546 1427 Strabo
557 1359 582 1440 ⁰,
618 1375 684 1426 sen
716 1355 761 1423 ut
793 1348 854 1422 alii
886 1351 1018 1424 volunt
1047 1349 1250 1424 Draeonisl
1276 1352 1391 1424 Atbe·

338 1469 473 1544 niensis
484 1501 494 1558 3
522 1491 731 1566 quanquam
750 1465 861 1540 etiam
882 1489 928 1540 ex
953 1467 1022 1540 bue
1046 1473 1150 1562 parte
1173 1466 1275 1540 initia
1297 1492 1392 1565 qnae·

340 1587 425 1660 dam
441 1609 627 1681 agnosoos.
661 1583 907 1658 Athenienses
924 1583 1112 1680 Erectheo,
1131 1584 1225 1672 Ioni,
1244 1591 1282 1658 et
1297 1584 1393 1658 The-

340 1725 402 1776 seo
427 1701 678 1799 antiquissima
701 1711 739 1775 et
765 1699 905 1799 optima
926 1700 1098 1776 instituta
1117 1725 1156 1774 se
1181 1701 1310 1776 debere
1330 1727 1394 1798 ag-

340 1826 508 1894 noscunt
552 1816 656 1904 Quin
671 1828 708 1893 et
725 1817 817 1892 illud
833 1819 983 1892 solenne
999 1819 1183 1916 Areopagi
1201 1819 1394 1894 concilium

339 1938 481 2014 dudum
505 1961 571 2036 per
596 1945 713 2012 totam
739 1935 922 2010 Graeciam
948 1937 1175 2010 inclaruerat
1228 1936 1279 2012 Iis
1305 1937 1394 2036 ipsis

339 2062 463 2130 autem
479 2054 704 2154 temporibus
721 2053 879 2128 minores
895 2054 1062 2152 quadum
1077 2056 1185 2130 cunae
1195 2055 1396 2130 Palladium

339 2170 481 2246 scilieet
505 2177 544 2244 et
572 2168 810 2267 Delphinium
840 2169 1108 2246 adscribuntur.
1160 2172 1286 2269 Atque
1317 2173 1397 2248 baee

341 2286 489 2384 quidem
520 2285 619 2384 apud
644 2284 888 2361 Athenienses
922 2287 986 2384 qni
1013 2296 1151 2362 eoeterae
1178 2286 1328 2364 Graeeiae
1357 2289 1395 2364 in

341 2403 511 2478 omuibus
537 2404 646 2478 rebus
670 2403 858 2500 praeibant.
911 2400 991 2477 Nee
1018 2405 1275 2502 praetereundoe
1309 2415 1396 2481 sunt

341 2516 481 2594 Minois
506 2520 616 2616 leges,
633 2517 835 2616 praesertim
860 2542 948 2592 cum
971 2518 1016 2594 de
1041 2519 1085 2594 iis
1107 2519 1186 2618 ipse
1212 2519 1396 2596 Homerus

341 2659 418 2710 non
434 2635 587 2712 obscure
602 2633 776 2732 loquitur,
792 2633 982 2710 nonenim
998 2635 1130 2710 eliade
1146 2659 1257 2712 causo
1272 2640 1395 2736 appel-

340 2753 439 2830 latur
454 2751 579 2828 Minos
589 2760 604 2802 ‘¹
616 2783 678 2827 :-

660 2909 724 2963 nile
735 2907 854 2979 μιγᾶλου
867 2905 998 2978 ὀαριστὴν.

342 3043 430 3118 Fuit
447 3069 578 3142 nempe
590 3045 720 3121 divinae
738 3047 923 3144 sapientiae
940 3053 978 3122 et
993 3048 1178 3123 facultatis
1198 3050 1395 3147 plusquam

340 3161 511 3235 humanae
543 3161 588 3235 iis
627 3164 854 3260 temporibus
893 3188 1027 3262 corpus
1064 3165 1159 3263 juris
1198 3167 1394 3240 absolvere.

341 3275 483 3373 legum
512 3279 558 3351 ad
584 3279 743 3376 privatas
770 3280 921 3379 injurias
951 3280 1212 3380 pertinentium
1241 3306 1285 3356 ea
1316 3307 1396 3356 esse

341 3394 482 3468 indoles
501 3393 658 3486 videtur,
681 3403 726 3471 ut
747 3423 816 3495 pro
841 3397 968 3495 quavis
990 3397 1123 3492 injuria
1146 3400 1396 3497 compensatio

342 3511 445 3584 fieret
456 3542 467 3600 ;
495 3510 546 3587 ita
571 3513 669 3587 enim
690 3513 782 3589 illud
808 3516 906 3614 apud
927 3514 1132 3590 Homerum
1155 3516 1266 3591 toties
1291 3541 1396 3590 usur·

340 3649 469 3738 patum
485 3627 618 3734 ποινὴν
636 3642 811 3740 intelligo.
864 3641 1123 3742 Compensatio
1146 3644 1244 3720 factu
1266 3656 1322 3722 est
1337 3648 1397 3722 vel

341 3758 496 3856 pecunia
521 3759 617 3850 data,
636 3762 696 3834 vel
720 3763 751 3834 si
776 3785 861 3836 reus
886 3763 1004 3837 eidem
1029 3787 1148 3861 poeuae
1171 3764 1394 3862 subjiciatur,

381 3966 396 3997 ⁰
409 3961 446 4022 L.
460 3963 499 4027 vi.
515 3987 572 4042 259.
613 3965 684 4026 Vid.
698 3964 790 4026 obiam
804 3967 954 4048 Hymnum
969 3969 1093 4042 Chium„
1106 3989 1134 4031 v.
1148 3996 1198 4046 3¹3
1209 3995 1259 4032 :—

536 4075 640 4130 Tolenus
651 4077 677 4128 tl
688 4079 796 4143 'pheos
806 4081 867 4144 ml
878 4079 1017 4146 χρήσασθαι
1028 4082 1110 4145 νόμοις

536 4144 687 4206 rpus-roien,
700 4144 740 4195 obs
752 4145 871 4196 Ζόλιυκος
884 4146 1014 4200 ὑποθέσθαι
1027 4151 1101 4200 δοκεῖ,

377 4261 392 4306 l
405 4255 524 4335 Ioseph.
539 4266 642 4321 mira
654 4261 775 4340 Apion„
789 4261 810 4325 l.
825 4261 868 4323 iii.
1095 4275 1107 4309 ³
1123 4267 1177 4330 Od·
1192 4280 1224 4330 Τ.
1241 4289 1296 4344 spo
