3096 4886
411 313 624 366 remrncrro
645 311 764 363 rnrnr
788 313 1046 364 rrrrnunrrrs
1215 295 1255 358 le

200 459 352 558 Logicee
368 458 545 534 institutis
562 459 775 556 plerumque
801 458 970 534 deducit:
997 461 1088 536 adeo
1114 467 1255 551 utens,

201 576 264 676 qui
288 583 425 650 temere
450 574 496 648 sd
520 574 591 648 hoc
615 597 709 672 opus
732 575 923 666 accedunt,
948 577 1108 651 monitos
1133 578 1254 668 velim,

200 694 384 768 neminem
400 692 521 766 velud
539 690 639 765 hunc
654 691 714 763 vel
731 690 844 764 alium
866 692 1031 789 quemvis
1048 689 1257 768 Aristotelis

201 811 337 885 librum
363 809 622 906 perlegendum
647 806 736 881 satis
763 807 985 882 instructum
1010 809 1165 905 prodire,
1184 809 1258 884 nisi

201 927 264 1026 qui
281 927 445 1024 ejusdem
460 924 640 998 Authoris
657 923 814 1020 logicen
832 924 931 1021 prius
948 924 1138 1022 diligenter
1158 927 1257 1001 evol·

199 1045 305 1120 verit.
332 1043 392 1116 Ne
409 1067 494 1115 vero
511 1041 602 1114 illud
619 1039 720 1115 nimii
733 1041 864 1116 laboris
881 1066 961 1116 esse
971 1043 1164 1132 videretur,
1179 1045 1257 1118 ani·

200 1162 502 1238 madvertendum
520 1165 588 1247 est,
602 1160 706 1234 illum
719 1159 794 1234 sere
805 1161 956 1235 unicum
969 1161 1130 1236 sufficere
1147 1187 1257 1260 quem

200 1281 239 1354 in
263 1279 331 1354 hac
354 1303 394 1352 rc
418 1277 536 1366 ndens,
556 1277 619 1373 qui
642 1276 777 1352 scilicet
802 1277 841 1350 in
863 1278 993 1374 exiguo
1019 1303 1194 1376 perquam
1219 1285 1257 1354 et

201 1396 411 1494 imperfecto
437 1419 545 1492 opere
570 1419 648 1468 rem
673 1395 790 1491 ipsam
814 1395 973 1494 penitius
991 1395 1203 1492 exploravit,
1221 1404 1257 1470 et

200 1515 353 1589 ulterius
375 1517 591 1610 prosecutus
614 1521 681 1600 est,
707 1535 818 1610 quum
840 1512 959 1586 caeteri
982 1511 1021 1584 in
1046 1511 1258 1586 universum

200 1655 338 1705 omnes.
390 1627 475 1702 Alio
506 1628 703 1702 deflectunt
736 1629 968 1718 recentiores,
1000 1638 1037 1703 et
1070 1628 1109 1701 in
1139 1629 1257 1704 diver·

201 1747 323 1824 ticulie
350 1745 567 1845 quibusdam
590 1745 657 1820 sibi
682 1748 848 1845 placent:
877 1747 952 1836 sed,
975 1747 1005 1821 si
1028 1749 1074 1821 ad
1093 1749 1257 1824 veritatis

200 1889 368 1939 normam
384 1888 462 1937 rem
479 1863 612 1959 exiges,
626 1887 809 1962 perpauca
826 1872 913 1938 sunt
930 1889 1010 1961 quae
1020 1865 1257 1940 Aristotelem

201 1981 350 2056 omnino
366 1980 549 2077 fugerunt.
603 1979 754 2054 Interim
772 2004 921 2054 aureum
939 1980 1030 2054 illud
1046 2005 1140 2078 opus
1157 1983 1256 2055 evol-

200 2098 302 2173 venti
319 2096 440 2172 nnimo
456 2121 532 2171 non
549 2096 730 2170 obversari
748 2121 821 2171 nou
839 2103 973 2194 potest,
992 2121 1103 2196 quam
1130 2097 1177 2171 sit
1195 2097 1259 2170 illa

201 2215 366 2290 omnium
387 2213 687 2312 prestantissima
709 2213 840 2311 poesis,
863 2237 943 2310 quae
967 2201 1256 2311 severioris'phi-

200 2331 375 2430 loeophiae
391 2353 545 2404 examen
562 2354 637 2406 non
654 2329 875 2420 reformidet,
894 2340 931 2404 et
954 2329 1112 2405 invicem
1129 2330 1257 2430 quanti

203 2449 251 2523 sit
275 2471 319 2522 es
341 2447 574 2545 philosophie
598 2471 672 2545 qua
697 2445 884 2545 elegantiis
910 2447 1010 2522 hisce
1037 2448 1257 2546 explicandis

201 2563 352 2640 feliciter
368 2564 551 2638 inserviat.

254 2680 326 2756 Sed
339 2679 383 2754 de
394 2680 453 2755 hie
463 2681 572 2755 rebus
581 2681 962 2756 hactenus—devenio
973 2705 1072 2755 nunc
1090 2682 1136 2754 ad
1152 2681 1257 2756 illum

204 2822 313 2897 quern
324 2799 419 2872 inter
431 2801 489 2872 tot
506 2797 710 2895 scriptores,
725 2799 855 2896 dignos
865 2798 939 2872 fere
949 2821 1075 2870 omncs
1088 2821 1179 2896 quoe
1189 2797 1257 2872 ite·

203 2939 288 2990 rum
297 2923 405 3014 atque
417 2915 553 2991 iterum
563 2918 801 3013 perlegamus,
817 2914 967 2990 unicum
976 2913 1066 2988 mihi
1076 2912 1258 2989 illustren-

205 3032 294 3107 dum
317 3031 516 3130 desumpsi,
534 3033 741 3108 Homerum
764 3032 867 3118 dico;
896 3057 1005 3131 quern
1027 3037 1152 3106 tamen
1174 3057 1260 3108 curn

203 3150 366 3238 nomino,
387 3150 514 3224 videor
533 3149 623 3224 mihi
646 3173 721 3224 non
743 3150 782 3223 in
805 3173 880 3223 uno
901 3149 1054 3224 authore
1079 3174 1198 3248 nequa
1219 3152 1259 3225 in

204 3267 333 3364 exigua
355 3272 460 3365 parte
485 3265 639 3341 Poeseoe
670 3291 818 3364 operam
846 3290 993 3364 ponere,
1022 3265 1086 3340 sed
1112 3290 1259 3340 omnem

204 3384 474 3482 quodammodo
491 3385 697 3481 complecti.
747 3381 910 3458 Primum
927 3383 1026 3458 enim
1042 3382 1134 3457 illud
1151 3383 1259 3458 mira·

205 3499 289 3572 culo
315 3508 382 3585 est,
410 3495 625 3594 scriptorem
650 3497 746 3572 inter
771 3496 941 3595 profanos
966 3495 1260 3594 antiquissimum

204 3637 279 3710 prre
295 3613 433 3688 caeteris
450 3614 620 3688 omnibus
634 3614 812 3704 eminere3
839 3615 930 3688 ndeo
942 3621 985 3688 ut
998 3613 1121 3688 Poesis
1134 3612 1257 3708 Epica,

204 3755 278 3830 qua
294 3741 392 3806 certe
405 3731 496 3806 nihil
508 3731 626 3829 majus
640 3733 738 3830 quod
754 3730 905 3806 humani
921 3729 1057 3828 ingenii
1070 3731 1131 3817 sit,
1143 3727 1261 3825 prima

203 3847 331 3922 statim
347 3848 427 3921 vioe
444 3848 498 3922 itu
513 3848 732 3937 absolvatur,
744 3856 789 3921 ut
805 3848 893 3922 nihil
913 3845 961 3920 sit
979 3844 1078 3942 quod
1094 3843 1179 3918 addi
1196 3851 1261 3919 out

204 3961 301 4038 demi
317 3963 444 4061 possit.
490 3962 588 4039 Hinc
604 3964 743 4038 suctum
759 3971 825 4053 est,
844 3971 899 4052 ut,
918 3962 1008 4036 dum
1025 3961 1070 4036 de
1086 3983 1162 4036 uno
1180 3959 1260 4035 Ho-

203 4099 304 4150 mero
316 4077 514 4174 loquimur,
527 4077 645 4152 omnis
659 4099 810 4176 poeseos
824 4075 998 4172 originem
1011 4085 1049 4151 et
1064 4073 1262 4173 primordia

203 4193 425 4291 perscrutari
449 4219 596 4271 necesse
629 4193 687 4270 sit.
739 4193 880 4268 Deinde
910 4217 996 4268 vero
1025 4191 1114 4268 setis
1143 4196 1258 4290 patet,

201 4311 362 4388 eundem
379 4336 469 4404 esse,
485 4337 595 4411 quern
607 4311 646 4388 in
659 4336 725 4388 sua
738 4317 814 4388 arte
831 4309 1032 4412 principem
1043 4309 1261 4386 recentiores
