3094 4898
571 305 785 357 rnnrnorm
805 307 929 356 sarm.
1231 289 1272 352 95

214 453 272 527 sui
290 451 442 526 seorsim
460 454 571 527 duces
589 460 692 527 erant
709 460 747 527 et
764 455 1008 552 magistratus,
1044 456 1170 530 Addas
1188 457 1273 531 licet

213 571 419 658 fluminum,
439 570 633 660 montium,
646 579 683 645 et
701 573 886 668 sylvarum
902 571 1172 669 impedimenta,
1191 599 1272 670 quae

215 687 338 761 omnia
366 687 504 783 ingenti
537 688 660 760 labore
695 694 800 761 erant
833 689 1095 786 exsuperanda.
1147 690 1271 764 Addas

216 803 284 878 soli
300 803 438 877 horridi
455 809 492 877 et
512 805 630 900 asperi
654 805 856 892 culturam;
888 806 1083 903 exquibus
1101 806 1270 882 omnibus

216 944 301 994 cum
335 921 478 1017 corpori
510 919 605 993 vires
639 944 850 1008 accrescere,
886 928 966 994 tum
1000 922 1110 996 etiam
1145 923 1269 998 animo

217 1047 362 1144 spiritus
379 1057 417 1122 et
433 1049 608 1122 audacia:
638 1041 678 1120 ἐν
702 1037 869 1145 μὲνγὰρ
895 1045 946 1150 τῷ
973 1044 1044 1122 αἰεὶ
1069 1054 1269 1147 παραπλη-

216 1170 307 1253 σίως
324 1173 361 1248 at
379 1169 554 1271 ῥαθυμίαν
574 1168 723 1267 ἔνεισιν,
744 1169 784 1248 ἐν
812 1166 852 1248 δὲ
880 1173 931 1277 τῷ
949 1172 1270 1281 μεταβαλλομένῳ

214 1302 252 1376 αἱ
280 1299 526 1402 ταλαιπωρίαι
553 1334 605 1407 τερ
634 1333 672 1378 τε
707 1298 854 1399 σώματι
882 1302 942 1379 καὶ
975 1301 1020 1405 τῇ
1059 1303 1179 1407 ψυχῇ,
1209 1304 1270 1382 καὶ

215 1423 288 1506 ἀπὸ
316 1423 386 1526 μὲν
412 1426 572 1531 ἡσυχίης
599 1428 659 1505 καὶ
689 1427 870 1532 ραθυμίητ
898 1427 921 1526 ἦ
951 1429 1069 1529 δειλίη
1101 1426 1266 1532 αὔξεται·

215 1551 288 1635 ἀπὸ
309 1552 349 1633 δὲ
366 1559 432 1655 τῆς
445 1557 708 1660 ταλαιπωρίης,
723 1558 784 1636 καὶ
798 1562 873 1640 τῶν
887 1552 1012 1637 τόνων
1026 1563 1064 1637 αἱ
1079 1561 1242 1662 ἀνδρεῖαι
1255 1538 1269 1579 b

217 1742 339 1762 .....
361 1688 399 1762 αἱ
417 1680 492 1787 γὰρ
524 1680 735 1783 μετάβαλαι
766 1687 841 1763 eloi
869 1690 943 1766 τῶν
969 1683 1130 1784 πάντων,
1157 1692 1194 1767 αἱ
1223 1722 1265 1769 τε

214 1810 401 1914 ἐγείρουσι
421 1805 489 1909 τὴν
507 1807 659 1912 γνώμην
677 1816 743 1889 τοῦ
762 1808 970 1915 ἀνθρώπου,
987 1815 1048 1892 καὶ
1068 1813 1134 1894 οὐκ
1154 1816 1269 1894 ἐῶσιν

214 1936 421 2041 ἀτρεμίζειν
430 1957 453 2015 ⁰.
507 1947 644 2043 Magna
669 1946 803 2022 scilicet
829 1950 947 2022 moliri
974 1951 1118 2025 discunt
1136 1951 1267 2049 quibus

212 2075 388 2160 perpetua
421 2065 679 2139 exercitatione
713 2065 824 2139 animi
852 2067 944 2141 vires
978 2069 1201 2142 suscitantur
1230 2076 1267 2142 et

214 2187 404 2277 augentur.
458 2181 557 2254 Hine
585 2182 648 2256 illa
674 2182 850 2258 libertatis
880 2194 916 2258 et
947 2211 1067 2259 rerum
1095 2187 1265 2283 gerenda-

212 2324 296 2372 rum
322 2299 466 2396 cupido,
495 2324 575 2395 quae
600 2297 699 2374 Asiae
724 2308 844 2398 partes
870 2302 1040 2390 boreales,
1060 2312 1096 2376 et
1120 2329 1266 2377 omnem

100 2472 105 2482 .
213 2415 287 2488 sere
308 2415 493 2512 Europam
519 2417 756 2512 permanavit,
780 2419 899 2514 specie
921 2425 1067 2493 tantum
1089 2429 1125 2494 et
1148 2421 1264 2494 forma

213 2530 364 2620 diversa,
381 2556 448 2628 pro
471 2531 661 2628 regionum
686 2543 723 2606 et
747 2544 953 2631 temporum
975 2538 1262 2634 opportunitate,

212 2657 251 2725 et
278 2676 347 2749 pro
379 2649 480 2723 vario
514 2657 628 2748 captu
661 2651 863 2726 hominum.
929 2654 1000 2727 Sed
1035 2654 1079 2727 de
1113 2654 1264 2751 singulis

213 2769 417 2866 separatim.

263 2887 375 2984 Apud
393 2883 549 2982 Scythia
567 2888 605 2957 et
629 2882 816 2959 Sarmatiae
832 2884 1002 2960 Asiaticae
1027 2886 1163 2960 incolas
1184 2914 1264 2986 per-

213 3004 348 3078 mansit
372 3028 395 3077 a
420 3024 564 3076 summa
590 2999 807 3097 antiquitate
829 3026 945 3099 usque
968 3004 1014 3075 ad
1036 3003 1115 3078 haec
1141 3016 1265 3080 nostra

213 3132 377 3217 temporo
396 3118 484 3216 regii
505 3113 649 3213 imperii
668 3117 795 3206 forma,
818 3143 936 3215 neque
958 3119 1020 3193 illa
1043 3145 1109 3195 sua
1129 3146 1264 3219 pompa
1294 3115 1295 3120 ’

212 3245 251 3312 et
267 3238 436 3312 satellitio
453 3251 574 3324 caret;
602 3261 670 3311 neo
686 3261 771 3310 vero
788 3262 937 3334 prorsus
954 3237 1168 3315 hereditario
1180 3241 1264 3336 jure

212 3355 550 3453 adfiliospertinet;
577 3355 883 3457 quemadmodum
896 3354 971 3428 suis
982 3355 1095 3430 edixit
1107 3367 1263 3452 magnus

212 3471 274 3547 ille
295 3472 456 3569 Scythici
476 3472 616 3570 imperii
639 3481 777 3560 auctor,
796 3471 930 3544 nemini
949 3473 1150 3568 parendum
1172 3497 1263 3562 esse,

212 3589 283 3663 nisi
321 3614 430 3687 quem
472 3590 649 3688 suffragiis
692 3588 768 3663 suis
801 3587 840 3661 in
880 3613 1033 3686 regnum
1071 3599 1263 3687 cooptave-

212 3701 327 3791 rint⁶3
355 3731 564 3804 quanquam
587 3707 634 3781 ad
661 3704 795 3802 regiam
818 3705 892 3778 fere
918 3705 1093 3792 familiam
1117 3705 1261 3793 transit,

137 3901 139 3904 ,
211 3848 329 3921 neque
356 3825 457 3898 nullo
484 3825 608 3899 labore
628 3822 740 3899 teneri
763 3829 801 3896 et
824 3821 965 3896 delendi
987 3827 1261 3921 potestasque

250 4095 322 4155 ΙἨἰ
361 4103 470 4158 acratas
510 4097 545 4160 da
580 4097 716 4170 Αὲτίόιιτ,
796 4096 983 4179 “Ber-paron,
1001 4099 1104 4162 matt&
1122 4102 1171 4163 dea
1189 4105 1264 4165 Τατ-

207 4177 463 4334 Allllullf'all
479 4201 523 4250 ‘⁴'
756 4183 887 4330 {llll
903 4181 1104 4342 lfasllllff
1121 4181 1262 4265 Gml‘l'
