3058 4908
462 355 674 407 ronaecrro
696 357 1017 408 sacrun-saprum.
1113 419 1116 430 .
1207 352 1273 415 283

214 501 346 576 fabula.
400 501 517 576 Graeci
542 504 689 602 quidem
714 506 752 577 in
775 504 846 579 isto
872 531 1005 602 genere
1029 509 1272 606 pauxillulum

102 621 136 706 ᾗ
214 621 386 718 quiddam
416 622 614 695 laxamenti
643 625 765 696 animo
795 625 942 712 dabant,
975 651 1042 700 nec
1070 653 1157 702 vero
1187 653 1273 703 eum

213 740 269 810 vel
288 738 398 812 unius
416 739 591 811 momenti
610 741 727 836 spatio
744 765 894 836 prorsus
913 743 1157 818 dimittebant.
1212 746 1271 819 In·

214 857 410 929 tercinebat
428 856 573 930 Chorus
599 863 636 930 et
661 859 758 955 stylo
784 884 959 957 perquam
986 863 1178 957 magnifico
1202 866 1273 936 ele·

213 975 323 1046 rabat
349 997 393 1045 ea
418 999 499 1070 quae
525 997 571 1046 ex
597 975 749 1070 singulis
775 977 906 1050 fabulae
932 980 1097 1074 partibus
1124 979 1163 1052 in
1185 980 1270 1052 vitae

214 1116 322 1164 usum
340 1090 491 1165 derivari
517 1100 668 1188 possent
686 1093 916 1183 documenta,
937 1097 1026 1168 adeo
1052 1103 1095 1168 ut
1120 1122 1165 1170 ex
1191 1098 1272 1170 istis

213 1208 413 1281 intervallis
455 1211 732 1282 confirmaretur
772 1210 894 1306 potius
928 1211 1121 1308 Tragoedia
1160 1239 1270 1310 quam

213 1325 514 1422 interpellaretur.
571 1326 689 1423 Epica
716 1334 838 1399 autem
873 1329 993 1423 poesis
1021 1353 1095 1402 non
1125 1335 1272 1402 tantum

210 1466 350 1516 moram
371 1443 518 1516 Actioni
543 1443 669 1540 injicit,
689 1445 754 1516 sed
779 1444 921 1539 longius
948 1447 1107 1519 excurrit
1132 1453 1169 1520 et
1195 1447 1270 1521 his·

209 1573 320 1645 torias
338 1573 448 1646 etiam
465 1574 612 1645 aliunde
630 1575 853 1671 desumptae
867 1575 1075 1670 interponit.
1130 1569 1169 1646 ἐν
1191 1575 1270 1650 τοῖς

209 1689 377 1795 δράμασι
402 1690 448 1774 τὰ
474 1689 667 1772 ἐπεισόδια
693 1689 874 1791 σύντομα,
895 1693 918 1792 ἡ
939 1693 969 1772 δ’
989 1694 1160 1774 ἐποποιΐα
1180 1693 1265 1775 rori·

209 1853 286 1903 τοις
310 1818 510 1920 μηκύνεται
519 1828 544 1902 ¹³.
597 1831 675 1904 Neo
693 1856 779 1904 vero
805 1830 857 1902 illi
877 1842 1064 1927 utcunque
1086 1832 1134 1906 sit
1156 1834 1268 1906 libera

210 1944 325 2042 magis
351 1957 389 2020 et
413 1951 533 2020 soluta
561 1973 780 2045 quocunque
810 1949 898 2021 libet
924 1946 1001 2020 sine
1020 1950 1098 2044 lege
1124 1948 1267 2044 evagari

209 2061 305 2136 licet.
360 2062 455 2137 Sunt
473 2064 580 2138 etiam
608 2065 667 2138 hic
691 2064 781 2139 certi
807 2065 939 2138 limites
958 2089 1050 2162 quos
1068 2067 1182 2139 Poeta
1197 2066 1265 2139 im-

208 2204 306 2276 pune
336 2183 536 2278 transgredi
570 2206 646 2255 non
676 2189 823 2279 potest3
859 2190 946 2255 sunt
976 2193 1155 2280 praecepta
1186 2209 1266 2280 quae

209 2297 394 2370 licentiam
412 2299 490 2395 ejus
516 2299 757 2396 comprimant
782 2307 819 2372 et
844 2300 890 2373 ad
914 2299 1000 2372 artis
1028 2325 1193 2373 normam
1211 2325 1264 2372 re-

207 2419 351 2488 vocent.
404 2413 535 2512 Itaque
569 2416 786 2490 Aristoteles
820 2418 883 2514 qui
918 2417 1105 2489 licentiam
1140 2416 1264 2512 Epicae

207 2556 359 2628 poeseos
387 2541 423 2604 et
453 2534 557 2629 plene
587 2533 751 2629 agnoscit
780 2539 817 2604 et
847 2533 978 2606 diserte
1006 2533 1168 2629 exponit,
1197 2507 1265 2605 hac

207 2656 331 2722 tamen
358 2649 544 2722 communi
569 2650 646 2745 lege
673 2649 835 2722 atillam
862 2659 898 2721 et
924 2646 1152 2743 Tragoediam
1177 2673 1263 2722 con·

206 2777 363 2874 stringit,
392 2771 412 2848 ὁ
440 2766 514 2872 γὰρ
542 2766 693 2873 προσὸν
716 2767 745 2868 ἤ
769 2763 821 2869 μὴ
850 2766 998 2871 προσὸν
1023 2764 1140 2867 μηδὲν
1167 2775 1269 2847 ποιεῖ

208 2897 386 2998 ἐπίδηλον
414 2895 499 2977 οὐδὲ
524 2893 657 3001 μόριον
686 2898 796 2978 τοῦτο
827 2899 910 2978 ἐστὶ
920 2889 943 2979 ⁰.
998 2904 1123 2978 Sicubi
1151 2906 1264 3002 igitur

205 3025 250 3096 ab
275 3024 481 3118 argumenti
507 3023 598 3096 serie
623 3024 682 3097 vel
707 3024 829 3096 minus
849 3024 908 3095 vel
933 3023 1048 3119 magis
1076 3023 1262 3097 deflexerit

205 3139 328 3227 Poeta,
356 3141 475 3214 adhuc
501 3150 623 3213 tamen
652 3129 756 3213 illum
782 3142 839 3212 vel
870 3139 909 3211 in
934 3145 1014 3213 toto
1046 3147 1262 3235 argumento

203 3258 263 3330 rel
280 3257 319 3330 in
332 3258 453 3354 aliqua
470 3257 548 3353 ejus
566 3263 668 3353 parte
685 3257 899 3329 illustranda
916 3254 1086 3350 occupari
1104 3261 1259 3350 oportet.

206 3374 289 3448 Hoc
314 3375 411 3447 enim
440 3384 663 3471 praeceptum
694 3398 768 3446 non
794 3378 937 3458 tantum
968 3378 1104 3446 rectam
1131 3371 1261 3444 labulae

206 3491 334 3566 seriem
364 3498 505 3587 spectat
535 3491 598 3563 sed
624 3489 797 3585 Episodia
813 3490 935 3562 'etiam
970 3488 1031 3559 illa
1060 3487 1098 3559 in
1129 3486 1261 3584 quibus

204 3608 364 3682 fabulam
382 3631 486 3679 suam
504 3608 666 3679 deserere
684 3607 841 3692 videtur,
861 3606 938 3676 haec
957 3604 1079 3676 omnia
1096 3604 1142 3675 ad
1160 3603 1260 3674 illus-

203 3726 371 3799 trandam
384 3725 544 3798 fabulam
561 3732 598 3797 et
615 3724 818 3818 augendam
835 3722 1062 3818 aliquatenus
1080 3719 1260 3816 pertinere

203 3843 330 3916 decet:
362 3842 414 3916 ita
438 3842 559 3915 Poetae
585 3847 623 3913 et
648 3839 860 3914 excurrendi
887 3839 1048 3936 spatium
1069 3838 1195 3909 damus
1222 3841 1260 3907 et

202 3985 329 4034 omnes
357 3960 474 4055 operis
504 3965 625 4055 partes
657 3959 842 4030 communi
871 3955 1016 4028 vinculo
1046 3953 1257 4050 constringi-

203 4101 286 4152 mus
303 4086 341 4148 et
358 4076 404 4148 ad
422 4100 535 4148 unum
554 4098 687 4169 corpus
706 4096 927 4145 revocamus,

252 4193 338 4290 Jam
355 4218 442 4266 vero
460 4193 538 4265 hac
562 4191 709 4265 licentia
728 4189 888 4262 Homero
908 4189 1109 4284 praesertim
1133 4186 1257 4282 magui

320 4375 333 4408 δ
354 4377 451 4435 Arist.
469 4377 563 4447 Poet,
577 4393 601 4432 o.
623 4393 666 4448 ¹7·
932 4381 941 4404 ⁸
964 4369 1052 4443 Ibid.,
1067 4390 1092 4429 c.
1110 4373 1136 4428 8.
