3058 4902
295 393 306 400 .
446 355 658 404 rnmrrcrro
678 345 1006 403 ructuasorrrrm.
1192 341 1257 405 28⁷

197 507 360 582 &ordinm
387 529 471 602 erga
498 529 584 579 suos
612 515 649 578 ct
674 528 798 600 preces
824 513 972 599 propter
1000 525 1090 598 quas
1117 501 1196 598 ipse
1220 508 1259 575 et

200 647 286 700 mox
303 623 465 697 Achilles
491 622 530 694 in
554 622 668 694 aciem
693 621 878 694 reducitur
896 630 1071 716 tanquam
1096 619 1258 714 legitima

200 765 283 837 pars
301 741 480 835 complet;
498 739 576 810 haec
594 739 674 834 ipsa
690 762 760 826 ree,
776 762 856 832 quae
870 761 953 831 erga
971 737 1108 832 priores
1121 747 1157 809 et
1176 761 1258 833 pos·

200 857 350 930 teriores
376 855 509 929 iliados
530 855 660 927 Libros
678 854 814 926 vinculi
838 854 960 926 locum
988 853 1109 938 hebet,
1129 877 1193 950 per
1218 875 1258 926 se

200 970 309 1044 nimis
335 970 464 1065 exigua
488 969 616 1042 fuisset
641 979 678 1042 et
703 969 926 1041 incremento
949 968 1060 1041 hocce
1086 969 1131 1040 ad
1156 991 1257 1041 com-

199 1088 372 1184 plendam
390 1085 678 1182 magnitudinem
696 1110 800 1158 suam
817 1085 965 1180 indiget.

253 1202 329 1286 Qui
346 1202 648 1300 sequunturlibri
664 1201 716 1274 ita
732 1203 872 1275 fervent
884 1202 1041 1274 Actione
1058 1211 1100 1274 ut
1117 1225 1258 1274 moram

201 1320 262 1393 vix
279 1321 476 1416 patiantur.
530 1319 602 1392 Sed
628 1320 723 1392 inter
738 1320 977 1417 praeliandum
997 1319 1096 1391 varia
1112 1319 1259 1391 fortuna

202 1461 295 1533 opus
326 1443 423 1509 erat:
458 1461 567 1533 quem
594 1438 632 1510 in
657 1437 769 1508 finem
793 1427 953 1510 lunonis
984 1435 1190 1508 machinam
1220 1433 1258 1506 in

208 1556 277 1625 14to
305 1553 398 1627 libro
425 1553 644 1648 excogitavit
667 1553 800 1628 Poeta:
832 1578 899 1627 nec
929 1578 1016 1626 vero
1047 1554 1117 1625 alio
1148 1575 1257 1625 sensu

202 1693 360 1742 aterum
377 1694 487 1743 cursu
505 1670 642 1766 digredi
664 1671 866 1744 censendus
884 1682 951 1758 est,
973 1695 1082 1767 quarn
1100 1670 1197 1776 quod
1219 1669 1257 1740 in

202 1789 264 1862 illa
289 1788 430 1885 longius
457 1814 567 1886 quam
592 1814 739 1863 necesse
765 1797 842 1862 erat
867 1789 1095 1876 immoratur,
1120 1788 1258 1861 interea

203 1930 288 1978 vero
315 1905 414 2001 operi
443 1906 602 1979 intexuit
631 1905 916 2004 pulcherrimum
945 1905 1079 1978 Graecae
1106 1904 1256 2002 Mytho·

204 2023 307 2118 logiae
325 2024 519 2120 exemplar.
1210 2109 1212 2114 ,

255 2137 429 2236 Sequitur
441 2140 596 2214 Achillis
611 2140 793 2240 Clypeus:
814 2140 939 2214 statim
952 2163 1039 2214 vero
1057 2139 1258 2240 pronuncio

203 2258 265 2330 vix
299 2258 493 2355 quicquam
528 2259 626 2355 qnod
653 2259 836 2332 Achillem
871 2266 1014 2355 spectat
1043 2261 1088 2332 ab
1123 2259 1259 2332 Iliados

205 2385 418 2471 argumento
444 2376 602 2449 alienum
627 2399 705 2449 esse
730 2400 849 2472 posse.
902 2376 1011 2449 Certe
1036 2377 1144 2449 heros
1168 2375 1259 2447 Vul-

204 2492 315 2566 caniis
334 2493 444 2566 armis
469 2493 670 2567 instructus
695 2494 826 2566 elatius
844 2499 881 2565 et
906 2493 1196 2587 magnificentius
1220 2493 1260 2564 in

203 2611 371 2707 praelium
397 2610 529 2706 prodit.
583 2611 622 2684 Si
649 2612 795 2683 interim
824 2609 1035 2682 delibaverit
1062 2609 1175 2683 Poeta
1204 2620 1260 2684 tot

204 2727 370 2802 Heroicae
394 2728 479 2801 vitae
505 2730 788 2803 consuetudines
815 2733 853 2800 et
878 2733 955 2800 tam
976 2727 1180 2823 jucundam
1204 2751 1260 2800 re-

204 2869 287 2918 rum
320 2845 449 2919 faciem
485 2845 768 2933 adumbraverit,
804 2846 883 2917 haec
923 2843 1045 2917 omnia
1082 2844 1121 2916 in
1158 2843 1261 2917 lucro

205 2987 363 3060 appone.

256 3077 359 3163 Quin
384 3089 422 3153 et
447 3078 611 3153 Deorum
636 3078 674 3152 in
699 3103 823 3177 pugne
848 3077 1030 3152 dimicatio
1057 3076 1173 3150 eidem
1198 3077 1263 3152 fini

205 3195 364 3306 inservit,
385 3197 558 3292 augendae
584 3195 722 3270 scilicet
744 3195 898 3269 extremi
921 3195 1031 3290 hujus
1057 3195 1262 3268 certaminis

205 3337 361 3409 pompae,
392 3314 429 3385 in
458 3339 532 3409 quo
563 3314 793 3409 congressuri
821 3320 910 3386 sunt
939 3312 1047 3386 toties
1079 3318 1263 3411 spectatus

206 3430 345 3503 Hector
362 3440 398 3503 et
415 3430 568 3503 nobilior
587 3429 748 3503 Hectore
766 3430 939 3504 Achilles

257 3546 367 3620 Liber
384 3547 532 3620 tamin
553 3546 797 3621 describendis
824 3547 918 3620 ludis
943 3545 1076 3619 Graeeis
1099 3554 1264 3619 versetur

208 3663 320 3761 quiet
333 3663 549 3761 antiquitate
567 3689 633 3738 sua
646 3669 684 3736 et
696 3665 886 3737 nobilitate
904 3665 999 3736 iuter
1012 3663 1160 3735 Graeciae
1178 3687 1263 3736 con·

208 3781 419 3854 suetudines
437 3780 680 3878 principatum
699 3781 915 3853 habuerunt.
971 3780 1042 3853 Sed
1059 3785 1096 3852 et
1112 3779 1189 3852 haec
1208 3803 1265 3853 res

208 3897 254 3968 ad
280 3896 438 3970 Patrocli
467 3905 626 3970 mortem
657 3905 694 3972 et
720 3897 874 3971 Achillis
900 3897 991 3970 iram
1022 3895 1267 3991 supplementi

208 4014 331 4088 locum
358 4015 479 4088 habet.
532 4015 622 4088 Fine
650 4017 771 4111 aliquo
799 4025 836 4088 et
863 4038 996 4088 corona
1024 4021 1105 4108 eget
1130 4011 1267 4086 Fabula

208 4137 311 4204 tenta
328 4156 451 4205 rerum
468 4133 564 4205 mole
581 4134 813 4228 locupletata.

260 4245 317 4320 Ita
338 4248 427 4322 dum
446 4247 484 4320 iu
501 4247 620 4346 spatio
637 4257 806 4323 versatur
821 4249 913 4320 bene
931 4271 1075 4342 magun,
1095 4245 1192 4342 quod
1209 4250 1266 4319 to·

208 4369 288 4438 tam
306 4367 459 4462 publicae
475 4365 557 4440 vitae
573 4367 737 4439 tabulam
754 4364 894 4439 ambitu
912 4389 980 4438 suo
997 4359 1263 4459 complectitur,

210 4491 329 4555 certos
352 4481 448 4556 inter
472 4483 607 4557 limites
631 4508 669 4556 se
694 4483 856 4556 continet
880 4480 993 4555 Poeta
1018 4488 1055 4553 et
1082 4479 1128 4551 ad
1154 4501 1266 4552 uuam
