3058 4902
489 348 699 398 rnmnrorro
724 345 986 397 onoma-roni.
1196 327 1257 392 821

157 542 160 548 ,
211 506 279 556 suo
301 482 536 568 immutatum
564 484 655 558 idem
674 489 794 557 tamen
812 487 949 580 perstat
975 505 1055 555 acer
1072 491 1182 582 atque
1207 485 1260 558 in·

209 599 416 672 flammatus
430 599 589 696 spiritus,
601 600 739 674 facilius
753 605 808 672 est
821 598 917 672 enim
928 598 1099 673 torrentis
1113 625 1260 675 cursum

208 715 279 788 alio
293 715 480 788 deflectere
492 740 602 812 quam
615 718 653 790 in
667 715 785 790 medio
799 739 907 788 cursu
920 722 1120 789 torrentem
1136 716 1259 814 ipsum

209 830 345 904 sistere.
397 831 516 904 Etiam
542 832 661 905 occiso
679 833 837 904 Hectore
863 831 924 904 vix
950 832 1117 928 expletur
1136 840 1174 906 et
1199 835 1258 908 de·

209 947 323 1020 fervet
341 947 404 1020 illa
420 947 587 1021 immanis
604 945 720 1020 rabies
735 978 797 1019 :-

368 1073 470 1143 Κοφὴν
483 1075 534 1146 γὰρ
547 1074 577 1142 δὴ
591 1073 667 1146 γαῖαν
679 1074 783 1140 ἀεικίζει
796 1075 933 1142 μενεαίνων
941 1078 968 1128 “.

210 1173 254 1245 In
266 1171 427 1270 Odyssea
439 1175 548 1270 longe
561 1175 702 1248 diversa
713 1181 769 1247 est
786 1174 948 1269 ejusdem
962 1175 1111 1248 affectus
1127 1176 1256 1250 facies:

209 1289 254 1362 ab
273 1288 413 1362 Achille
431 1293 589 1364 multum
607 1291 785 1388 discrepat
802 1290 953 1388 Ulysses
967 1323 1027 1362 :—

367 1416 558 1492 Μνηατὴρεααι
569 1419 652 1488 φόνον
664 1417 715 1472 σὺν
726 1415 821 1486 'Atium
834 1417 994 1488 μερμηρίζων
1002 1422 1025 1471 ⁰.

209 1525 301 1601 Haec
326 1530 421 1601 enim
448 1536 504 1603 est
533 1555 575 1604 ea
604 1555 685 1627 qnae
710 1530 858 1604 summis
885 1530 1116 1604 contumeliis
1143 1535 1181 1603 et
1206 1529 1259 1603 in·

206 1644 311 1739 juriis
337 1646 502 1720 lacessita
524 1648 663 1742 justam
691 1657 727 1721 et
754 1647 958 1721 honestam
972 1646 1172 1720 vindictam
1199 1670 1258 1718 er·

209 1761 311 1857 petit,
330 1787 410 1859 quae
432 1762 553 1859 itaque
576 1762 707 1837 rationi
731 1765 914 1837 auscultat
937 1770 974 1837 et
1000 1763 1078 1858 ejus
1096 1762 1258 1836 modera-

209 1901 294 1950 men
321 1878 488 1951 exomni
512 1884 615 1975 parte
642 1879 750 1964 subit,
776 1879 871 1952 intra
893 1884 1022 1976 pectus
1045 1879 1258 1952 delitescens

209 1992 324 2066 donec
345 1994 483 2068 venerit
506 2021 573 2069 sua
600 1995 753 2082 occasio,
777 2002 815 2068 et
840 2005 919 2069 tum
946 1994 1094 2068 demum
1120 1993 1259 2068 stimuli

207 2107 323 2182 vicem
346 2110 467 2198 habet,
490 2111 552 2207 qui
576 2110 613 2182 in
640 2110 761 2184 debito
781 2119 818 2184 et
841 2135 974 2204 magno
1000 2111 1179 2208 supplicio
1204 2111 1258 2183 in·

208 2225 356 2300 ferendo
373 2225 535 2300 animum
552 2228 644 2300 cieat
661 2232 698 2300 ct
715 2228 902 2300 sustineat.

258 2339 372 2416 Hunc
396 2345 519 2439 itaque
546 2345 716 2416 affectum
742 2350 846 2416 tanto
871 2367 956 2415 oum
980 2344 1146 2416 acumine
1175 2367 1257 2438 pcr-

206 2455 375 2528 lustravit
400 2455 520 2550 Poeta,
540 2462 583 2529 ut
608 2457 653 2530 ad
675 2455 917 2552 Philosophiae
944 2479 1111 2528 normam
1136 2455 1258 2528 omnia

208 2594 247 2644 se
264 2571 464 2644 revocanda
482 2573 578 2645 ultro
596 2573 818 2669 praeberent„

259 2685 352 2760 Sunt
382 2688 478 2760 inter
502 2712 673 2784 personas
703 2687 911 2761 Homericae
937 2687 1102 2783 quaedam
1127 2686 1257 2782 quibus

208 2803 367 2876 minores
384 2809 505 2900 partes
522 2804 603 2878 ideo
621 2804 747 2876 delatae
764 2828 843 2876 esse
861 2802 1038 2888 videntur,
1053 2807 1096 2874 ut
1113 2801 1259 2872 affectui

208 2918 316 2991 alicui
341 2931 404 2993 aut
429 2919 556 2994 virtuti
582 2921 802 2993 illustrandae
826 2919 1051 2993 inservirent.
1103 2915 1259 2988 Timoris

208 3037 414 3131 exemplum
440 3047 496 3110 est
520 3035 654 3122 Dolon,
673 3043 710 3110 et
734 3037 840 3110 istius
867 3033 1006 3108 timoris
1033 3033 1094 3129 qui
1113 3030 1195 3104 vilis
1221 3037 1258 3104 et

207 3148 389 3225 inhonesti
415 3160 471 3224 est
488 3151 599 3248 animi
611 3183 620 3240 ;
648 3141 782 3225 temere
805 3164 843 3225 et
860 3173 1086 3248 praepropere
1111 3148 1257 3244 incepto

209 3289 248 3338 se
267 3267 383 3353 offert,
402 3269 537 3340 etenim
555 3269 738 3342 temeritas
756 3268 877 3342 timori
901 3290 996 3363 saepe
1013 3267 1139 3362 praeit:
1167 3265 1257 3337 utri-

209 3406 279 3478 que
296 3407 488 3457 commune
505 3395 560 3458 est
572 3384 674 3480 justo
692 3385 843 3459 consilio
861 3407 1001 3490 carere3
1029 3380 1144 3478 pergit
1160 3379 1257 3454 idem

208 3499 414 3573 inconsulto
433 3513 470 3573 et
487 3500 698 3574 festinanter
710 3533 772 3574 :-

444 3657 485 3669 -
497 3627 513 3678 ό
527 3626 549 3682 δ’
564 3625 604 3700 ἄρ’
620 3627 672 3683 ὅκα
685 3627 846 3700 παρέδραμεν
858 3626 1019 3699 ἀφραδίῃσιν
1026 3629 1048 3678 ⁰.

207 3747 300 3822 Mox
316 3750 379 3823 ubi
395 3752 511 3826 hostis
535 3760 572 3825 et
598 3752 747 3850 periculi
764 3752 880 3825 factus
897 3758 953 3824 est
970 3749 1150 3837 conscius,
1169 3750 1255 3823 sub-

207 3866 324 3938 oritur
349 3891 392 3940 ea
417 3869 527 3941 animi
557 3869 780 3965 perturbatio
803 3871 839 3938 et
865 3867 1004 3940 consilii
1028 3865 1150 3962 inopia
1174 3891 1255 3964 quae

209 3981 295 4056 huic
311 3983 455 4058 affectui
473 4009 547 4080 prae
564 3985 700 4058 caetcris
718 3981 890 4080 competit
905 4014 966 4056 :-

367 4141 422 4191 Γνῶ
434 4136 458 4207 μ’
472 4135 565 4208 ἄνδρας
579 4131 664 4206 δηΐους
677 4136 797 4208 λαιψηρὰ
811 4135 839 4190 δὲ
852 4131 955 4206 γαῦνατ’
971 4133 1054 4203 ν’νῶμα

367 4233 552 4304 ΦευγέμννανΡ.

248 4353 326 4414 ¹1¹Il.
344 4369 375 4415 Ω.
392 4375 438 4433 54.
493 4354 670 4434 ”Odysau
688 4375 714 4413 2.
767 4355 837 4414 011.
855 4367 886 4414 K.
902 4371 970 4430 390.
1024 4349 1215 4432 r1bid.3;s.

722 4477 744 4523 Y
