3096 4886
580 320 794 373 raasrcrro
818 321 962 378 saorra„
1252 300 1297 368 tt

238 466 421 554 babuisse,
439 491 531 564 quos
548 472 632 543 tuto
648 470 851 567 transgredi
868 494 943 546 non
960 469 1094 569 potnit.
1148 471 1297 548 Etenim

239 583 358 658 civem
374 582 536 658 occidere
558 591 801 683 praeterquam
823 585 862 660 in
887 585 968 683 ipso
991 585 1106 683 praelii
1131 588 1295 676 articulo,

239 705 281 782 ἐν
298 699 422 808 χειρὸς
448 698 561 810 νόμῳ,
581 712 683 788 nefas
705 712 788 802 fuit,
815 720 860 788 ut
885 739 932 789 ex
956 714 1037 813 ipso
1063 715 1175 790 Poeta
1198 721 1297 790 recte

239 824 379 921 colligit
388 823 606 900 Aristoteles
616 823 635 899 ¹.
690 825 858 900 Honores
881 833 1006 902 autem
1023 828 1168 925 regibus
1186 827 1297 904 delati

239 964 315 1014 non
339 950 414 1015 tum
440 941 632 1038 potestatis
661 942 794 1016 indicia
824 967 934 1041 quam
969 967 1188 1041 magnarum
1222 945 1296 1018 vir-

238 1061 364 1132 tutum
390 1057 537 1153 praemia
564 1056 736 1132 brerunt:
765 1056 874 1134 iidem
900 1058 975 1132 sere
1005 1083 1098 1157 quos
1127 1059 1297 1158 Spartani

237 1172 382 1270 regibus
415 1173 491 1248 suis
524 1174 766 1248 indulserunt.
820 1175 991 1273 Singulos
1024 1176 1100 1251 fere
1132 1181 1297 1251 recenset

239 1287 424 1364 Homerus
440 1288 479 1362 in
494 1291 666 1388 praeclara
681 1292 744 1365 illa
760 1291 807 1366 ad
824 1291 1008 1367 Glaucum
1024 1293 1188 1370 oratione
1199 1311 1220 1342 ¹¹¹
1233 1325 1296 1368 :-

395 1444 503 1508 Γλσῦκι,
516 1443 558 1514 τίη
572 1443 604 1513 dcl
617 1447 664 1500 νΐιῖ
676 1441 854 1515 τετιμήμεσθα
866 1445 984 1515 μάλιστα

392 1535 475 1612 'Edon
488 1560 527 1602 τι,
542 1538 648 1612 κρέασίν
660 1538 692 1604 τ’,
707 1537 752 1609 ᾗδὲ
764 1541 865 1599 πλείοις
878 1541 1023 1598 cadero

394 1635 442 1694 Ἐν
454 1639 544 1708 Λυκίῃ,
557 1639 652 1695 rdmr
665 1638 694 1694 di
708 1636 783 1696 θεοὺς
797 1640 831 1698 bs
844 1639 997 1712 εἶσσρόιισι,

395 1735 445 1790 Kal
458 1732 563 1806 σι’μινοι
575 1733 724 1806 νεμόμεσθα
735 1735 802 1810 odyn
815 1735 928 1794 abaco
940 1733 1001 1810 παρ’
1017 1732 1107 1807 ὄχθαι,

400 1832 493 1888 Καλὸν
504 1833 637 1904 φυταλιῆς
649 1834 692 1889 ml
703 1830 814 1907 ἀρούρης
822 1835 986 1907 πυροφόροιο
997 1851 1005 1898 3

237 1952 364 2054 Atque
379 1955 457 2033 haec
474 1958 632 2056 quidem,
652 1981 860 2057 quanquam
870 1983 936 2056 per
945 1981 984 2034 se
999 1957 1104 2046 levia,
1119 1979 1185 2055 pro
1202 1965 1295 2031 tem-

237 2097 371 2170 porum
395 2073 553 2149 istorum
573 2075 724 2164 ratione,
743 2077 783 2149 in
807 2075 938 2174 quibus
955 2075 1150 2174 apristina
1164 2073 1295 2148 severi·

237 2195 315 2266 tate
331 2191 497 2268 nondum
513 2192 783 2282 deflectebatur,
802 2215 1000 2292 permagna
1016 2192 1164 2268 fuerunt
1177 2224 1240 2266 :-

499 2380 507 2396 .
524 2382 531 2397 .
548 2383 556 2398 .
572 2382 580 2399 .
595 2343 689 2401 rdmr
703 2343 732 2400 di
746 2341 822 2401 θεοὺς
835 2344 869 2402 br
882 2344 1089 2437 εἶσορέωσινπ·

237 2474 413 2566 tanquam
429 2467 489 2541 ille
506 2468 594 2543 oleae
613 2492 736 2544 ramus
755 2468 965 2568 Olympiaci
980 2470 1041 2544 rel
1057 2467 1201 2567 Pythici
1218 2495 1293 2544 cer·

237 2585 384 2659 tamiris
401 2584 603 2683 praemium.
637 2584 802 2660 Victoria
817 2585 897 2661 istis
915 2586 1172 2662 certaminibus
1188 2594 1295 2685 parta

236 2703 427 2777 mortalem
445 2702 491 2778 ad
510 2701 608 2777 Deos
625 2703 777 2778 evehere
794 2703 958 2777 solebatn
970 2732 1034 2778 :-

388 2835 479 2894 'Aba
492 2840 521 2895 δι’
533 2843 585 2896 τῶν
599 2842 706 2910 κότινος,
716 2843 798 2912 μῆλα,
813 2841 916 2910 orlon,
929 2839 1016 2897 airus.

237 2948 403 3024 Accessit
427 2949 517 3024 illud
541 2951 652 3024 etiam
674 2950 769 3047 regis
795 2949 936 3024 nomini
962 2973 1036 3022 non
1061 2972 1216 3048 parrum
1237 2949 1294 3024 in-

237 3072 474 3154 crementum,
493 3068 591 3164 qnod
614 3066 725 3142 iidem
741 3067 908 3141 Deorum
930 3067 1089 3142 ministri
1114 3076 1152 3142 et
1177 3091 1293 3142 sacer-

238 3183 341 3257 dotes
367 3181 481 3257 habiti
506 3189 657 3270 erant⁰;
685 3183 756 3281 ipsi
781 3183 855 3258 fere
884 3183 1108 3259 ceremonias
1135 3194 1173 3260 et
1199 3186 1293 3259 ritus

237 3300 300 3398 qui
319 3301 365 3374 ad
383 3299 595 3398 religionem
617 3306 787 3398 spectant
809 3301 1040 3398 peragebant.
1092 3299 1291 3398 Agamem-

235 3441 312 3491 non
327 3418 406 3515 ipse
422 3441 496 3490 non
516 3440 592 3490 una
613 3416 693 3490 vice
716 3415 755 3490 in
775 3416 889 3490 Iliade
911 3415 1097 3492 victimam
1119 3423 1256 3492 mactat
1265 3424 1291 3490 ¹³.

236 3533 281 3608 In
299 3532 465 3632 Odyssea
489 3531 627 3606 Nestor
653 3532 730 3630 ipse
756 3537 794 3607 et
818 3532 884 3606 filii
909 3533 987 3630 ejus
1012 3531 1052 3606 in
1077 3532 1186 3607 sucus
1211 3556 1291 3606 ver·

236 3657 399 3725 santurq.
450 3649 619 3724 Eundem
630 3650 742 3746 igitur
752 3659 841 3725 tunc
857 3649 1030 3746 temporis
1048 3648 1293 3746 suspiciebant

234 3767 354 3842 bellici
376 3767 585 3842 certaminis
605 3767 746 3856 ducem,
765 3791 888 3841 rerum
911 3765 1073 3840 civilium
1100 3763 1290 3863 arbitrum,

234 3891 273 3960 et
289 3883 453 3960 Deorum
478 3883 690 3959 antistitem.
745 3881 822 3968 Qui
843 3889 969 3957 tamen
993 3903 1079 3956 cum
1101 3886 1208 3958 tanta
1227 3883 1290 3958 ob·

274 4083 281 4122 r
302 4083 405 4156 Polis,
428 4081 449 4140 l.
470 4080 513 4142 iii.
536 4101 563 4142 c.
581 4106 619 4152 ιι,
639 4099 675 4140 er
697 4079 743 4140 Il.
825 4088 838 4118 ⁰
858 4079 986 4138 Arctos.
1003 4078 1198 4146 Postumii,
1214 4099 1290 4154 c.14.

235 4177 489 4318 ΨΜ,
824 4159 1155 4314 lttl.²230³‚t·0.²⁶⁶·

275 4332 289 4360 ¹¹
312 4321 433 4383 Attiroi,
454 4323 573 4400 (irco.a
