3058 4908
343 1158 694 1253 Pamnnonro
736 1157 1223 1298 onoma-rauna
1344 1133 1356 1153 '

639 1405 920 1420 ᾖ

259 1573 348 1714 EA
374 1598 485 1671 quam
516 1573 740 1646 absolvimus
770 1573 949 1670 propositi
978 1573 1183 1670 argumenti
1211 1599 1309 1671 pars,

337 1697 524 1787 utcunque
549 1691 643 1763 inse
668 1715 785 1787 neque
812 1715 966 1788 parvum
982 1715 1100 1788 neque
1124 1691 1312 1791 imperfec-

257 1815 340 1882 tum
368 1832 491 1880 rerum
524 1808 701 1881 ambitum
731 1809 937 1896 concludat,
969 1809 1015 1880 ad
1048 1807 1157 1881 aliam
1187 1815 1311 1882 tamen

259 1927 357 1998 ultro
374 1949 441 1998 nos
459 1924 616 1997 deducit.
658 1923 747 1998 Erat
762 1924 922 1999 instituti
939 1927 1056 1999 nostri
1071 1949 1148 1999 non
1165 1933 1311 1998 tantum

259 2044 377 2116 aetatis
402 2041 606 2116 Homerieae
635 2065 801 2116 normam
826 2043 1053 2138 exploratam
1077 2041 1221 2130 habere,
1249 2043 1313 2116 sed

260 2184 305 2232 ex
326 2159 395 2231 hac
413 2181 541 2230 norma
565 2157 679 2254 ipsius
705 2156 825 2230 Poetae
842 2165 880 2231 et
905 2157 983 2252 ejus
1009 2181 1161 2254 operum
1186 2157 1314 2232 certio-

260 2300 338 2348 rem
355 2287 391 2350 et
405 2277 591 2348 meliorem
608 2273 776 2347 notitiam
789 2274 940 2371 assequi.
973 2275 1110 2348 Parum
1126 2281 1183 2348 est
1199 2285 1314 2349 mate·

261 2393 351 2466 riem
368 2402 404 2466 et
421 2392 663 2465 instrumenta
680 2391 766 2465 artis
789 2398 975 2488 comperta
989 2392 1172 2479 habuisse,
1190 2393 1261 2467 nisi
1277 2405 1316 2468 et

261 2510 353 2584 illud
379 2509 489 2583 etiam
514 2509 743 2582 didicerimus
770 2508 899 2605 quibus
924 2508 1061 2582 viribus
1090 2521 1128 2582 et
1157 2535 1316 2607 quanam

262 2627 402 2700 ratione
421 2651 465 2700 ea
485 2627 694 2700 tractaverit
718 2625 868 2699 artifex:
898 2649 1030 2723 parum
1055 2633 1112 2699 est
1137 2628 1314 2722 supellec·

263 2753 364 2826 tilam
381 2751 615 2824 Homericam
632 2750 747 2823 oculis
770 2749 976 2846 subjecisse,
996 2748 1065 2821 nisi
1086 2756 1124 2822 et
1146 2751 1237 2823 illud
1254 2775 1317 2824 ac·

264 2869 411 2943 cesserit
438 2892 510 2966 qua
542 2866 682 2940 ratione
710 2891 791 2939 eam
818 2867 1036 2940 ordinaverit
1066 2877 1102 2940 et
1136 2868 1319 2942 effinxerit

266 2983 389 3056 Poeta.
443 2981 523 3054 Nec
539 3005 624 3054 vero
642 2979 779 3053 nomini
805 2980 882 3077 ejus
900 2987 938 3054 et
960 2981 1175 3054 authoritati
1189 2983 1319 3055 obesse

266 3112 369 3196 puto,
389 3099 420 3170 si
436 3123 481 3170 ex
498 3096 722 3194 temporibus
740 3095 814 3169 suis
831 3104 935 3170 tanta
952 3098 1113 3170 subsidia
1127 3097 1317 3172 habuerit:

266 3215 314 3287 sit
340 3213 426 3286 satis
449 3213 481 3284 si
505 3237 551 3284 ex
574 3211 778 3309 praestantis
804 3211 937 3308 ingenii
959 3223 997 3286 et
1023 3212 1321 3309 auspicatissimae

265 3330 380 3405 aetatis
398 3329 592 3425 conjuncta
607 3329 645 3401 vi
661 3337 764 3402 tanta
781 3353 892 3424 opera
907 3331 1050 3425 prolata
1067 3330 1254 3403 habemus.

317 3447 443 3544 Ipsum
465 3446 587 3542 itaque
603 3445 755 3518 Poetam
772 3446 850 3519 haec
876 3448 1035 3520 secunda
1059 3471 1143 3543 pars
1169 3445 1320 3519 omnino

267 3571 427 3662 spectat:
456 3585 567 3658 qnam
589 3561 733 3658 quidem
759 3561 995 3658 quaestionem
1021 3588 1067 3634 ex
1092 3561 1193 3635 omui
1216 3569 1321 3658 parte

267 3692 435 3755 excutere
462 3679 500 3751 in
525 3679 647 3752 animo
672 3689 727 3751 est
757 3679 789 3752 si
813 3681 909 3752 sorte
935 3681 1114 3778 explicare
1138 3679 1322 3777 possimus

267 3799 420 3872 Homeri
436 3799 474 3870 in
492 3821 558 3870 sua
580 3807 657 3870 arte
680 3795 930 3869 excellentiam
955 3803 993 3869 et
1015 3795 1323 3893 contemplatione

267 3915 443 4012 attingere
468 3913 567 3987 illam
584 3915 661 3987 vim
687 3913 886 4010 animique
911 3921 949 3987 et
966 3921 1087 3987 totum
1105 3935 1198 4011 opus
1224 3937 1323 3986 com·

267 4035 395 4129 plexus
413 4033 533 4120 suerit,
552 4039 590 4105 et
607 4029 792 4104 materiem
811 4054 916 4104 suam
935 4031 973 4102 in
991 4031 1143 4126 singulis
1159 4029 1324 4126 partibus

267 4149 544 4222 conformaverit
569 4160 606 4222 et
633 4147 878 4234 distribuerit;
907 4155 990 4220 tum
1014 4153 1138 4220 autem
1165 4145 1325 4219 eruenda

268 4277 324 4338 est
350 4266 429 4361 ejus
453 4266 492 4338 in
519 4264 620 4338 omni
644 4267 720 4339 vita
745 4265 886 4362 peritia,
915 4289 986 4362 qua
1016 4289 1109 4361 opus
1137 4289 1246 4338 suum
1272 4264 1325 4336 ita
