3096 4886
296 261 339 324 50
629 285 843 334 rnaerrorro
866 287 1005 335 rrnrrn.

295 435 362 519 τὸν
390 437 555 542 ἄργυρον
577 441 638 518 καὶ
667 431 814 542 χρυσόν
823 445 842 516 ¹.
901 446 1024 520 Etiam
1057 447 1135 545 ipse
1163 471 1350 524 mensura·

294 587 378 636 rum
394 571 431 636 et
449 564 650 660 ponderum
663 588 751 637 usus
764 563 967 638 Homericis
985 564 1207 663 temporibus
1220 589 1349 662 parum

294 691 405 753 notus
430 705 510 754 esse
535 681 704 764 videtum
732 681 896 777 loquitur
924 681 1070 778 quidem
1100 683 1145 755 da
1174 682 1256 769 illis,
1284 684 1350 757 sed

294 815 424 891 paroe;
451 795 614 868 noudum
638 806 763 868 autem
786 794 895 870 hasce
920 821 977 870 res
1003 797 1042 870 iu
1067 797 1253 870 communi
1277 823 1348 874 usu

293 912 432 1008 positas
448 935 526 985 esse
543 937 586 985 ex
609 937 653 985 eo
678 912 874 1008 conjectari
894 913 990 1000 lioet,
1009 914 1107 1011 quod
1129 913 1246 987 eidem
1262 913 1347 987 Pbi·

294 1027 379 1103 doni
397 1027 538 1125 Argivo
555 1030 617 1126 qui
642 1029 759 1102 tribus
786 1029 863 1102 fore
889 1030 1020 1102 seeulis
1043 1037 1127 1126 post
1146 1029 1347 1105 Homerum

292 1145 385 1220 vixit
402 1148 604 1221 multorum
622 1147 823 1219 authorum
839 1170 1019 1220 consensu
1037 1171 1162 1220 earum
1184 1147 1347 1222 inventio

292 1263 539 1339 adscribitur¹.
594 1262 816 1360 Quanquam
832 1263 1004 1360 igiturex
1028 1265 1098 1338 bae
1120 1277 1223 1362 parte
1238 1265 1350 1339 rudes

291 1404 439 1477 prorsus
456 1387 560 1456 eraut
576 1392 613 1455 et
629 1381 767 1455 indocti
786 1392 909 1455 tamen
926 1382 965 1455 iu
981 1383 1050 1455 hao
1071 1381 1152 1479 ipsa
1170 1382 1348 1458 tenuitate

291 1522 335 1571 ea
357 1499 533 1599 principia
558 1524 744 1596 agnoscas,
776 1525 818 1574 ex
845 1501 978 1598 quibus
1004 1501 1122 1574 omnia
1148 1508 1349 1574 mereatur-a

291 1615 437 1710 pendet.
491 1617 610 1690 Graeoi
636 1617 725 1690 adeo
748 1641 792 1689 ex
818 1617 915 1690 hisee
939 1616 1053 1692 initiis
1077 1617 1231 1714 profecti
1256 1643 1345 1715 pau·

292 1757 420 1806 corum
449 1734 656 1807 seculorum
686 1735 842 1808 decursu
875 1741 998 1808 totum
1031 1757 1131 1808 mare
1159 1733 1346 1809 Euxinum

291 1852 476 1924 mercandi
497 1851 617 1946 gratia
639 1851 791 1925 coloniis
814 1851 890 1924 suis
913 1857 1197 1946 occupaverunt.
1249 1849 1346 1925 Illud

291 1967 402 2041 etiam
419 1968 535 2041 obiter
551 1966 914 2040 animadvertendum
936 1977 1004 2051 est,
1022 1990 1131 2039 suum
1150 1965 1346 2040 Talentum

291 2083 401 2156 etiam
429 2083 509 2155 istis
540 2083 766 2178 temporibus
793 2081 963 2156 habuisse
992 2080 1164 2154 Graecos:
1192 2107 1238 2155 ex
1267 2089 1346 2155 tru-

289 2198 368 2270 tino
395 2199 531 2272 scilicet
558 2199 769 2287 deductum,
796 2223 840 2271 ex
870 2221 943 2296 qua
969 2199 1086 2272 omnis
1109 2200 1346 2296 computandi

290 2318 396 2388 ratio.

340 2432 468 2504 Restat
493 2432 604 2505 etiam
629 2433 742 2505 altera
766 2455 836 2520 res,
863 2455 944 2529 quae
977 2433 1122 2529 publioe
1154 2434 1202 2506 ad
1227 2439 1345 2507 totam

290 2547 478 2622 civitatem
501 2537 655 2645 spectat,
674 2572 792 2646 neque
815 2572 838 2622 a
862 2547 959 2622 civili
975 2549 1059 2622 vitae
1084 2548 1225 2623 ratione
1248 2563 1346 2624 recte

289 2665 447 2762 disjungi
480 2671 605 2763 potest
617 2697 627 2752 ;
662 2663 829 2738 militaris
861 2664 914 2737 rei
947 2665 1135 2739 seientiam
1164 2666 1269 2754 dioo;
1300 2667 1348 2742 de

287 2807 361 2880 qua
376 2784 539 2881 primum
554 2783 645 2857 illud
663 2788 820 2870 onustat,
838 2783 1023 2856 neminem
1046 2783 1168 2872 fuisse,
1186 2782 1250 2880 qui
1266 2783 1347 2880 qui-

287 2901 372 2974 dem
400 2900 489 2975 civis
514 2900 635 2988 fuerit,
662 2901 726 2998 qui
748 2923 825 2973 nou
850 2923 952 2973 erma
974 2907 1131 2974 tractare
1155 2905 1194 2972 et
1218 2899 1348 2974 militis

288 3017 407 3090 officio
424 3017 528 3111 fungi
544 3017 690 3113 potuit3
718 3016 950 3114 nequeenim
971 3014 1136 3113 quietum
1158 3016 1289 3104 civem,
1308 3028 1347 3090 et

286 3134 386 3230 pacis
403 3135 542 3206 artibus
556 3132 721 3207 deditum
734 3157 776 3206 ea
789 3139 956 3230 tempora
971 3133 1076 3207 tacite
1089 3133 1324 3230 patiebantur
1335 3165 1346 3221 ;

285 3273 360 3322 nou
387 3260 533 3323 tantum
560 3250 606 3324 ab
631 3259 783 3323 externo
808 3252 915 3324 hoste
938 3250 1142 3348 periculum
1165 3256 1256 3337 erat,
1280 3249 1346 3322 sed

287 3365 423 3440 civium
436 3367 558 3463 jurgia
575 3369 670 3442 iuter
687 3392 726 3442 se
742 3367 779 3440 vi
796 3376 836 3441 et
850 3368 945 3441 ferro
968 3369 1184 3465 plerumque
1200 3365 1349 3440 dirime·

285 3482 430 3556 bantur.
485 3481 556 3554 Sed
583 3482 682 3579 quod
714 3483 872 3557 bellandi
896 3484 1075 3555 rationem
1103 3475 1248 3569 attinet,
1268 3482 1349 3579 jam

284 3600 405 3698 prime
422 3597 502 3672 vioe
512 3599 659 3696 Trojaui
673 3600 758 3673 beili
769 3601 995 3697 temporibus
1008 3600 1206 3674 exercitum
1216 3600 1255 3674 in
1268 3602 1348 3674 lon·

286 3718 461 3815 giuquam
476 3723 613 3790 terram
630 3717 846 3791 eduxerunt.
900 3716 1114 3792 Graeeorum
1132 3715 1232 3789 enim
1253 3717 1349 3792 bella

286 3833 381 3908 iuter
404 3860 443 3908 se
466 3859 540 3909 uon
566 3833 636 3908 uisi
661 3858 748 3908 oum
770 3833 935 3908 finitimis
956 3834 1152 3910 commissa
1170 3839 1287 3922 eraut,
1311 3843 1349 3908 et

286 3974 362 4022 uuo
380 3951 453 4023 fere
470 3953 595 4048 praelio
612 3951 909 4026 deseruebautur.
948 3950 1106 4026 Urbium
1124 3949 1348 4048 expugnatio

288 4067 438 4140 omuino
454 4066 579 4162 ignota
595 4075 685 4142 erat.
737 4066 851 4166 Apud
865 4067 1013 4163 Trojam
1030 4067 1142 4164 igitur
1157 4077 1215 4143 tot
1230 4091 1349 4142 annos

327 4233 334 4272 ¹
349 4234 493 4304 Peneon..
507 4233 526 4293 l.
541 4231 585 4292 iii.
599 4251 624 4293 e.
641 4258 680 4294 ra.
834 4233 944 4303 Strab,
958 4231 977 4291 L
991 4251 1019 4291 r.
1027 4251 1057 4312 p.
1067 4245 1134 4308 3⁵⁸3
1156 4231 1249 4308 Ptin,
1260 4231 1282 4294 l.
1297 4231 1349 4294 rii.

325 4313 445 4375 *schot
460 4316 493 4374 in
509 4312 596 4372 Pind.
614 4313 727 4392 olymp.
744 4333 793 4391 133
835 4326 882 4390 5⁶3
906 4311 1032 4388 Herod,
1045 4311 1065 4378 l.
1079 4313 1118 4374 ri.
1137 4336 1195 4389 ιη.
