3096 4886
549 323 762 376 Paeanem
785 323 928 385 QUINrA.

331 466 426 522 Παῖδες
439 463 635 538 δραγμεύοντες,
649 467 677 522 ἐν
690 467 864 539 ἅγκαλὶδεσσι
877 465 1001 540 φύροντες

329 559 481 634 Ἀσπερχὲς
493 561 620 634 παρέχον·
660 564 789 629 βασιλεὺς
803 560 826 619 δ’
840 563 868 617 ε’ν
880 566 951 619 τοῖσι
965 568 1050 633 σιωπῇ

330 659 463 730 Σκῆπτρον
475 657 543 728 ἔχων
557 656 665 726 dereiner
678 659 718 714 ἐπ’
734 657 816 730 ὄγμου
829 657 975 729 γηθόσυνος
990 663 1045 731 κῆρ.

333 752 446 824 Κήρυκες
460 753 482 809 δ’
497 753 640 810 ἀπάνευθεν
653 753 703 809 tut
718 751 778 826 δρυῒ
789 754 863 809 δαῖτα
875 755 1008 822 πίνονςο,.

329 851 396 904 Βοῦν
408 849 431 905 δ’
449 847 609 921 ἱερεύσαντες
621 849 703 921 μέγαν
710 849 847 920 ἄμφεπον·
867 851 893 904 al
906 852 935 905 δὲ
947 853 1066 924 γυναῖκες

298 963 301 968 ·
330 950 440 1002 Δεῖπνον
453 945 580 1018 lpidam
592 943 662 1000 λεύκ’
677 947 778 1017 ἄλφιτα
791 946 879 1003 πολλὰ
891 947 1016 1002 πάλυνον.

209 1095 306 1170 Sunt
333 1103 371 1169 et
395 1094 466 1169 alia
489 1096 624 1168 ibidem
652 1119 732 1192 quae
763 1095 915 1169 aratoris
945 1119 1105 1194 operam,
1133 1098 1264 1171 atalia

209 1214 318 1286 ctiam
337 1238 417 1308 quae
428 1211 651 1285 vindemiam
669 1219 857 1308 spectant3
883 1239 962 1310 quae
981 1213 1125 1309 quidem
1144 1213 1264 1286 omnia

209 1329 321 1424 siquis
347 1330 489 1402 intento
506 1336 543 1402 ct
566 1329 639 1402 acri
662 1329 800 1420 judicio
827 1330 989 1425 perlegit,
1008 1353 1091 1402 cum
1113 1329 1265 1426 hujusce

209 1445 296 1518 artis
323 1453 472 1532 statum,
491 1452 572 1517 tum
596 1445 706 1518 etiam
729 1446 883 1518 formam
909 1451 946 1517 et
971 1444 1165 1540 imaginem
1189 1469 1263 1532 non

210 1560 402 1633 obscuram
419 1585 563 1633 morum
581 1560 821 1634 Heroicorum
838 1571 1022 1656 agnoscet.
1076 1560 1263 1656 Agnoscat

208 1702 317 1775 porro
334 1703 415 1751 eam
433 1701 542 1775 quam
559 1677 716 1751 diximus
740 1675 889 1774 hujusce
914 1677 965 1750 rei
990 1702 1074 1750 cum
1091 1676 1263 1773 religione

210 1801 249 1866 et
277 1794 353 1866 vita
382 1793 585 1896 hominum
603 1793 836 1882 societatem3
871 1817 989 1890 neque
1016 1793 1137 1867 forsan
1164 1805 1263 1868 vere·

208 1909 309 1983 bitur
338 1911 514 1983 affirmare
540 1911 637 2006 quod
668 1909 779 1983 etiam
804 1933 847 1982 ex
869 1909 1027 1983 historiae
1058 1909 1129 1982 fide
1159 1910 1263 1983 facile

209 2029 462 2123 comprobabit
491 2026 644 2100 istarum
674 2026 809 2098 ortium
837 2051 917 2124 quoe
947 2051 1054 2099 merae
1077 2036 1165 2099 sunt
1194 2029 1263 2099 ele·

209 2142 344 2238 gantiae
377 2168 422 2216 err
457 2140 602 2216 rusticis
636 2141 820 2215 laboribus
854 2151 891 2214 et
924 2141 968 2214 iis
1003 2167 1085 2237 quae
1122 2143 1262 2216 labores

204 2257 483 2356 ‘subsequuntur
525 2258 800 2332 oblectamentis
851 2259 1029 2355 originem
1082 2257 1264 2333 deducen-

209 2377 294 2450 dam
311 2401 401 2450 esse.
423 2466 429 2480 ι

262 2489 349 2564 Haeo
367 2489 483 2586 igitur
504 2515 549 2563 cx
572 2487 651 2586 ipso
674 2489 835 2566 Homero
853 2489 957 2564 facile
979 2491 1137 2568 eruenda
1162 2495 1260 2564 sunt.

205 2605 287 2680 Nec
302 2630 390 2680 vero
410 2605 561 2679 Hesiodi
584 2604 837 2679 testimonium
862 2605 1041 2680 intactum
1061 2607 1262 2703 relinquere

206 2721 261 2796 fas
288 2729 356 2812 est,
384 2747 493 2819 quem
519 2721 683 2795 Homero
711 2721 886 2820 aequalem
913 2723 971 2795 vel
998 2723 1128 2796 saltem
1155 2730 1261 2796 aetate

206 2839 415 2934 proximum
448 2838 559 2912 fuisse
592 2839 671 2935 ipse
705 2837 939 2912 Herodotus¹
967 2846 1004 2911 et
1034 2840 1155 2911 caeteri
1187 2839 1261 2912 fore

206 2963 350 3030 veteres
373 2956 545 3029 authores
562 2978 637 3028 uno
661 2979 841 3028 consensu
864 2955 1098 3029 denunciant.
1151 2955 1260 3028 AEta-

205 3077 282 3144 tem
309 3071 387 3168 ejus
417 3096 492 3144 non
522 3071 688 3168 atting03
716 3097 823 3167 quem
855 3082 989 3157 tamen,
1013 3097 1098 3144 cum
1120 3071 1261 3146 AEolica

205 3187 422 3282 migratione
440 3187 616 3260 recentior
635 3187 682 3260 sit
692 3195 717 3275 ¹,
732 3186 793 3259 vix
813 3187 971 3260 Homero
989 3187 1164 3283 aequalem
1181 3211 1259 3262 csse

206 3327 374 3376 censeam
386 3335 396 3392 3
414 3303 529 3410 ‘inter
554 3302 825 3400 antiquissimos
852 3315 948 3376 certe
974 3303 1166 3401 scriptores
1192 3329 1258 3378 nu·

205 3420 406 3522 merendus·
426 3426 494 3506 est,
513 3444 598 3492 cum
623 3420 790 3516 proximo
815 3430 898 3514 post
916 3420 1072 3494 Hernica
1097 3433 1261 3519 tempora

206 3536 331 3609 seculo
355 3535 431 3631 ipse
457 3559 495 3608 se
522 3533 736 3609 adscribetl.
790 3536 870 3609 Nec
897 3562 982 3610 vero
1008 3536 1151 3634 inquiro
1174 3561 1259 3634 qua-

205 3677 292 3725 nam
315 3675 361 3723 ex
383 3661 487 3748 parte
508 3660 608 3724 reete
633 3649 685 3724 illi
709 3651 962 3749 adjudicantur
989 3677 1032 3726 ea
1057 3677 1136 3748 quae
1162 3675 1260 3725 nunc

205 3770 274 3841 sub
300 3767 450 3840 Hesiodi
475 3766 624 3840 nomine
653 3766 957 3841 circumferuntur
980 3792 1111 3864 opera:
1141 3791 1260 3864 neque

206 3908 366 3980 quonam
390 3908 435 3956 err
452 3883 554 3956 fonte
570 3889 645 3956 tam
668 3883 769 3957 molli
787 3884 940 3957 dialectu
958 3881 1075 3957 utitur
1091 3881 1260 3956 Ascraeus

204 3999 315 4073 homo
349 4024 469 4098 neque
504 4000 601 4074 unde
636 4012 745 4073 natus
780 4011 836 4073 est
870 4011 946 4074 tam
979 4001 1147 4096 frequens
1180 4025 1259 4074 ver·

283 4171 292 4195 ¹
312 4160 380 4222 Lib.
395 4161 426 4223 ii.
441 4181 467 4224 c.
483 4185 523 4237 ⁵³·
715 4163 738 4232 ζ·
760 4163 884 4223 Hesiod.
896 4167 967 4242 Ἐργ.
982 4169 1024 4222 καὶ
1037 4167 1099 4237 'Hp
1116 4172 1174 4222 686.

576 4241 590 4310 ’ἶ
609 4246 683 4320 Ἐργ.
699 4249 740 4304 καὶ
752 4248 815 4318 ‘Hya
836 4265 888 4318 ¹7⁴·
