3058 4902
263 325 330 390 826
534 335 750 386 ramuncrro
775 331 1041 382 ancras-nona,

263 487 402 583 Regem
435 493 474 562 et
506 488 586 583 ejus
621 484 785 558 subditos
813 483 1006 556 intercedit
1039 465 1200 580 patema
1232 504 1324 576 erga

263 614 392 678 natum
409 602 569 678 caritatis
587 600 741 676 similem
758 623 836 674 esse
854 602 935 672 vult
946 630 1009 672 :-

578 769 621 780 —
632 739 718 812 πιπῆρ
732 736 755 794 d'
770 740 806 796 dre
818 742 894 808 ἤπιος
906 737 952 808 ἦεν
959 743 980 794 Ρ.

264 865 343 964 pari
368 891 452 940 cum
476 867 598 940 studio
621 863 777 956 nobilem
796 888 906 937 suum
928 865 1118 936 alumnum
1135 861 1321 936 Achillem

264 984 494 1080 amplectitur
522 982 694 1056 Phoenix.
746 979 826 1054 Nec
854 1004 942 1052 vero
970 1003 1046 1052 non
1074 980 1173 1076 capit
1201 977 1321 1051 Poeta

264 1097 553 1172 benevolentiam
570 1123 651 1194 quae
671 1095 882 1169 universum
902 1096 1091 1169 hominum
1114 1117 1228 1190 genus
1250 1092 1322 1166 sibi

264 1237 389 1288 carum
406 1237 484 1287 esse
502 1222 610 1312 putat
622 1243 685 1286 :-

573 1367 615 1380 -
626 1341 707 1411 φίλος
721 1339 744 1396 δ’
758 1336 790 1408 ἦν
803 1337 964 1412 ἅνθρὸποισι
973 1345 994 1392 ⁸.

264 1463 355 1537 Haec
375 1463 521 1561 quidem
545 1463 666 1536 omnia
683 1465 862 1538 virtutum
879 1465 919 1536 in
939 1466 1021 1537 loco
1045 1465 1214 1561 ponenda
1238 1487 1320 1537 esse

264 1578 369 1654 facilc
386 1581 466 1677 quis
492 1581 638 1668 dixerit,
657 1581 721 1654 sed
746 1605 792 1653 ex
817 1581 927 1654 insita
950 1580 1106 1678 quadam
1131 1582 1264 1654 mentis
1280 1583 1321 1654 vi

264 1700 441 1794 tanquam
467 1721 514 1771 ex
530 1696 631 1770 sonte
657 1721 725 1770 suo
745 1697 899 1771 derivari
923 1697 1019 1793 apud
1036 1696 1241 1771 Homerum
1256 1721 1319 1794 ag-

264 1835 404 1899 noscas,
423 1837 469 1886 ex
494 1813 626 1886 affectu
652 1835 842 1908 perquem
861 1837 904 1886 ea
925 1815 1097 1888 volumus
1121 1812 1219 1886 fieri¹
1236 1837 1319 1910 quae

264 1927 343 2001 aliis
366 1928 508 2024 prosint
530 1936 568 2002 et
584 1929 647 2002 ubi
672 1929 769 2002 sacta
789 1928 926 2002 fuerint
951 1929 1161 2024 gaudemus.
1215 1927 1320 2012 Quin

264 2052 302 2116 et
314 2041 432 2117 varios
446 2043 628 2118 Amicitiae
645 2051 756 2118 usus·
772 2069 840 2141 pro
857 2044 998 2118 diversa
1009 2045 1094 2120 vitoe
1109 2045 1320 2120 conditione

264 2181 310 2232 cx
332 2157 395 2232 illo
418 2159 622 2255 depromas.
675 2159 825 2234 Amicos
850 2185 928 2234 csse
954 2161 1173 2257 pauperibus
1199 2162 1320 2258 perlu-

264 2273 376 2370 gium,
391 2280 434 2346 ut
450 2298 534 2348 cum
551 2275 597 2349 ab
610 2275 764 2350 Alcinoo
778 2276 929 2373 Ulysses
945 2277 1100 2372 benigne
1115 2277 1316 2374 excipitur:

264 2392 408 2465 eosdem
429 2392 728 2466 adolescentibus
761 2394 931 2467 custodes
965 2399 1003 2465 et
1036 2391 1242 2480 monitores,
1274 2399 1320 2466 ut

264 2532 351 2580 cum
376 2508 511 2584 Achilli
536 2509 703 2606 praecipit
727 2509 882 2582 Phoenix
891 2507 913 2595 ²,
932 2509 1126 2582 Antilocho
1142 2507 1278 2584 Nestor
1286 2515 1316 2582 ¹.

266 2621 379 2697 Senes
404 2623 532 2697 iisdem
558 2634 732 2721 tauquam
754 2624 942 2698 imbecillae
970 2625 1087 2698 aetatis
1109 2624 1254 2698 famulis
1279 2631 1318 2697 et

265 2738 439 2814 ministris
465 2741 543 2814 uti:
576 2764 650 2838 quo
680 2765 791 2815 seusu
817 2747 876 2815 tot
905 2747 1075 2814 natorum
1104 2740 1231 2813 funera
1256 2740 1317 2812 de-

264 2855 383 2952 plorat
400 2855 588 2930 Priamus:
615 2857 654 2929 in
670 2857 764 2929 virili
786 2863 892 2931 aetate
914 2857 1058 2930 eosdem
1075 2880 1153 2930 esse
1169 2879 1318 2952 magua·

265 2994 348 3043 rum
365 2996 487 3044 rerum
504 2971 619 3045 socios
637 2982 674 3046 et
690 2974 874 3069 adjutores
886 3004 946 3044 :-

500 3121 689 3194 —ri'nrpor
703 3123 767 3196 ἀνὴρ
780 3121 824 3194 ἅμ’
839 3123 927 3179 ἕποιτο
941 3124 1078 3182 :almos

423 3218 537 3275 milton
549 3219 674 3293 θαλπωρὴ
688 3222 729 3276 sul
743 3219 959 3294 θαρσαλεότσρω
971 3221 1055 3276 ἔσται.

427 3311 478 3370 tim
490 3337 519 3370 re
533 3314 577 3372 δύ’
592 3316 734 3388 ἐρχομίνω,
748 3318 790 3371 καὶ
802 3338 831 3371 τε
843 3318 895 3386 πρὸ
908 3315 924 3369 ὅ
935 3321 983 3371 τοῦ
996 3317 1104 3386 ἐνόησεν

418 3409 529 3468 Ὅπως
543 3411 633 3484 κέρδος
644 3410 684 3481 ἔῃ·
703 3417 798 3482 μοῦνος
811 3409 836 3468 δ’
851 3409 922 3483 εἷπὶρ
935 3433 964 3466 re
977 3409 1059 3481 νοήσῃ

424 3503 511 3562 Ἀλλὰ
524 3529 553 3561 τε
565 3508 591 3560 ol
603 3508 735 3577 βράσσων
747 3529 776 3561 rs
789 3511 848 3564 νόος
860 3507 943 3576 λοι-π)
957 3508 986 3563 δὲ
999 3529 1028 3562 τε
1040 3509 1145 3578 pins&

267 3626 325 3700 Ex
354 3630 483 3703 eodem
506 3631 636 3703 affectu
666 3631 711 3703 ad
744 3631 951 3727 peregrinos
979 3631 1137 3704 tuendos
1162 3641 1200 3703 ct
1223 3629 1316 3703 exci-

267 3743 418 3840 piendos
454 3745 550 3820 cient
583 3747 749 3820 homines
780 3747 929 3845 hospitii
957 3749 1043 3844 jura
1071 3771 1151 3844 quae
1183 3747 1318 3844 passim

268 3862 365 3956 apud
388 3861 593 3936 Homerum
615 3871 873 3938 memorantur.
925 3863 981 3937 Ex
1006 3865 1133 3937 eodem
1153 3865 1250 3938 cives
1272 3863 1319 3936 ad

307 4077 321 4111 Ρ
343 4069 445 4150 odyss.
461 4085 490 4131 n.
504 4089 554 4152 47.

307 4147 430 4209 *lta
449 4169 494 4225 ¹4-
813 4150 833 4211 1.
848 4151 909 4212 viii.
924 4169 950 4212 c.
969 4171 995 4211 r.
1123 4151 1235 4212 trrr.

308 4231 318 4258 '
337 4232 368 4286 td
393 4231 541 4296 βοῦλισθαί
565 4253 616 4288 rm
645 4233 663 4290 d
691 4233 772 4291 olem
849 4241 866 4270 ¹
885 4229 962 4290 Ibid
977 4243 1012 4291 Ψ.

268 4307 361 4382 Aaou
384 4306 484 4380 ntes,
499 4307 521 4367 l
534 4307 565 4366 ii.
580 4327 606 4368 c
621 4328 650 4382 4.
849 4319 862 4344 ²
882 4308 960 4371 Ibid.
977 4323 1009 4372 x.
1025 4327 1093 4370 m.
