3058 4908
512 327 721 378 rasrnorro
750 328 949 379 urnnorrrx.
1197 323 1258 387 185

203 481 532 576 notitiam—atque
550 479 634 552 hinc
652 501 740 552 mox
762 479 801 551 in
819 463 1007 553 Sententia
1023 482 1255 558 enunciativa

204 623 268 671 seu
281 595 531 693 Prepositione
546 593 757 690 Categorica
774 593 946 692 Subjecto
963 597 1149 671 tribuitur.
1186 599 1255 673 Tot

202 713 313 810 igitur
330 713 368 786 in
386 733 474 786 usus
488 712 696 786 Articulum
713 736 820 786 suum
839 713 989 787 trahunt
1004 714 1130 788 Graeci.
1170 715 1258 790 Pro-

202 831 324 933 prium
341 829 414 903 lere
432 829 500 903 sibi
516 829 625 902 habet
648 852 764 902 sermo
782 828 1018 924 anglicanus,
1038 838 1081 904 ut
1098 833 1255 906 duorum

203 948 453 1020 Articulorum
470 971 539 1044 ope
555 946 614 1018 vel
635 947 753 1018 laxius
770 947 829 1018 vel
855 945 1015 1020 strictius
1033 947 1192 1036 definiat,
1211 957 1255 1023 ut

203 1067 262 1137 vel
287 1065 388 1138 hunc
414 1072 477 1137 aut
502 1065 607 1136 illurn
633 1087 743 1158 quem
768 1048 949 1151 novimus,
968 1065 1027 1136 vel
1050 1088 1169 1144 unum
1194 1065 1256 1139 ali·

165 1235 169 1241 ·
204 1206 311 1283 quem
341 1206 362 1254 c
388 1180 512 1254 multis
542 1181 729 1254 communi
756 1181 933 1254 vocabulo
963 1181 1156 1278 subjiciat:
1193 1185 1290 1260 sed.

204 1296 326 1367 miuus
349 1304 515 1368 accurate
534 1303 635 1368 tanta
655 1318 693 1365 re
713 1294 862 1366 utimur.
918 1292 1042 1377 Quam
1058 1295 1188 1368 mutila
1209 1296 1258 1369 sit

204 1421 242 1484 et
275 1411 407 1484 vitiosa
441 1410 596 1483 Articuli
629 1409 772 1492 defectu
806 1409 935 1485 Latina
969 1410 1091 1508 lingua
1119 1438 1259 1516 omnes

206 1527 380 1600 sentiunt.

256 1643 568 1741 Coujunctionum
593 1668 695 1733 usus,
715 1669 796 1742 quae
825 1645 970 1742 proprie
994 1647 1046 1721 ita
1073 1646 1260 1735 dicuntur,

206 1758 374 1833 omnibus
391 1759 464 1830 sere
481 1757 728 1854 linguis'idem
746 1771 813 1831 est.
855 1758 940 1831 Suis
956 1758 1110 1833 vinculis
1130 1760 1258 1835 Oratio

203 1900 324 1949 carere
352 1899 426 1948 non
456 1879 590 1972 potest,
624 1876 688 1949 sed
718 1875 852 1949 Grmcis
873 1869 1041 1972 'paruum
1072 1876 1256 1952 Orationis

204 1992 299 2066 inter
322 2016 360 2066 se
386 1991 605 2066 consociatio
632 1993 795 2089 apprime
820 1995 966 2090 elegans
993 2003 1048 2067 est
1075 2001 1112 2067 et
1138 1996 1260 2069 multi-

204 2111 313 2207 plex3
345 2133 497 2182 numero
519 2115 644 2182 tamen
669 2111 972 2206 conjunctionum
998 2111 1121 2208 potius
1148 2138 1259 2209 quam

206 2227 323 2323 specie
357 2234 589 2324 exsuperant,
624 2237 733 2323 atque
768 2227 839 2301 illis
873 2228 963 2301 adeo
996 2229 1104 2302 variis
1139 2229 1258 2303 modis
1337 2301 1341 2309 .

208 2345 303 2417 inter
318 2368 357 2417 se
380 2342 589 2441 compositis
616 2353 781 2433 utuntur,
802 2345 960 2442 simplici
975 2347 1152 2420 vocabulo
1179 2353 1260 2419 tan-

206 2485 315 2557 quam
327 2462 473 2534 vinculo
492 2461 600 2534 nimis
617 2485 738 2534 crasso
755 2487 884 2559 parum
897 2466 1059 2536 contenti
1073 2495 1082 2551 3
1106 2463 1261 2536 fortasse

143 2639 145 2644 .
207 2574 316 2647 ctiam
343 2573 451 2646 nimis
482 2584 608 2669 argute
637 2581 675 2646 et
705 2575 887 2648 subtiliter
916 2574 955 2646 in
985 2575 1053 2648 hac
1083 2600 1122 2648 rc
1151 2578 1260 2649 luxu-

206 2690 321 2762 riant:
353 2691 647 2786 excogitaverant
664 2701 760 2764 certe
779 2715 900 2763 rerum
919 2691 1138 2764 differentias
1156 2695 1260 2767 nobis

204 2806 418 2903 incognitas,
456 2813 493 2881 et
526 2809 589 2880 vix
624 2815 801 2904 conceptu
844 2809 980 2880 nedum
1014 2808 1131 2882 verbis
1167 2835 1261 2884 asse·

206 2925 378 3023 quendas,
407 2926 468 2998 sed
496 2925 708 2998 varietatem
736 2923 821 2998 hinc
852 2925 987 2998 habent
1016 2925 1195 3014 dictionis,
1224 2934 1261 3001 et

208 3059 264 3144 (ut
288 3052 416 3128 Graeco
441 3041 618 3129 vocabulo
644 3079 721 3127 rem
746 3058 943 3152 exponam)
972 3046 1171 3150 συνεχείαν
1195 3047 1261 3127 τοῦ

205 3171 337 3278 λόγου,
357 3192 394 3259 et
411 3186 450 3258 in
468 3186 575 3258 rebus
595 3185 801 3282 implicatis²
821 3186 909 3259 dum
927 3187 1059 3284 cuique
1078 3185 1262 3262 Orationis

206 3304 369 3376 membro
403 3328 512 3376 suum
546 3304 698 3377 seorsim
733 3305 853 3377 locum
890 3304 1125 3392 distribuunt,
1158 3307 1261 3378 nullo

204 3421 394 3496 aberrandi
422 3421 582 3517 periculo
601 3428 801 3495 versantur.
855 3420 977 3495 Etiam
1004 3424 1148 3497 illarum
1167 3422 1261 3496 Gou-

201 3539 435 3636 junctionum
461 3562 550 3636 quas
577 3539 842 3613 continuativas
868 3552 1000 3614 vocant
1027 3541 1179 3635 insignis
1205 3547 1262 3613 est

206 3655 303 3751 apud
332 3653 479 3728 Graecos
508 3656 737 3728 usus—adeo
765 3664 807 3729 ut
836 3679 959 3729 rerum
987 3657 1116 3729 seriem
1148 3679 1261 3752 quan-

204 3770 338 3844 tamvis
356 3772 458 3845 nullo
475 3771 597 3845 labore
618 3774 918 3868 complectantur.
970 3772 1196 3845 Testinronio
1214 3771 1262 3846 sit

206 3886 412 3974 artificium,
432 3911 505 3984 quo
530 3899 614 3984 post
640 3889 845 3962 absolutam
872 3887 1100 3975 Orationem,
1126 3887 1164 3958 in
1190 3911 1262 3983 qua
1325 3981 1329 3986 Ι

208 4002 311 4076 sistat
336 4004 481 4078 animus
507 4011 543 4078 et
568 4005 812 4102 conquiescat,
834 4029 909 4080 rem
935 3993 1178 4079 intermissam
1204 4029 1261 4078 re-

207 4134 340 4194 vocant
370 4128 481 4218 atque
512 4146 555 4195 eo
586 4147 660 4219 quo
689 4123 805 4196 velint
834 4123 1047 4220 producant.
1102 4120 1162 4194 Sic
1191 4119 1262 4217 pri·

207 4261 309 4310 mum
336 4237 470 4311 lliados
495 4238 630 4313 librum
655 4238 835 4313 conclusit
854 4239 1085 4313 Poeta-nec
1110 4261 1197 4311 vero
1223 4237 1263 4310 in

205 4353 366 4427 secundo
393 4361 471 4428 tam
501 4355 666 4430 ‹le'novo
697 4355 848 4444 orditur,
877 4381 985 4453 quam
1017 4355 1261 4432 narrationem
