3094 4898
271 336 335 398 140
604 342 817 393 enarrarre
845 343 991 394 oerum.

270 490 440 564 cedamus
457 487 636 585 picturam
654 489 816 587 ignotam
830 489 952 575 fuisse,
967 496 1004 562 et
1018 511 1094 560 rem
1108 486 1324 559 statuariam

271 607 529 703 imperfectam,
542 607 630 680 artis
643 613 765 681 tamen
778 605 971 704 Graphioae
983 605 1190 699 rudimenta
1202 603 1324 686 habes,

271 748 389 820 neque
412 723 535 820 ipsum
561 723 763 797 Homerum
787 727 976 798 latuerunt
999 723 1059 795 vel
1080 718 1259 818 principia
1280 743 1327 791 ex

181 841 187 852 “
274 842 405 940 quibus
414 841 559 937 pendet,
574 843 634 913 vel
648 841 731 914 finis
749 867 822 938 quo
839 840 1020 926 collimat;
1045 841 1092 912 ad
1107 837 1207 936 quod
1219 859 1328 932 argu-

273 969 439 1032 mentum
464 959 775 1055 comprobandum
802 982 919 1032 unum
945 959 1093 1055 quidem
1117 957 1182 1029 sed
1204 956 1328 1051 splen-

275 1077 502 1150 didissimum
531 1078 739 1173 exemplum
769 1076 960 1163 adducam,
986 1075 1108 1148 nobile
1131 1073 1223 1146 illud
1246 1071 1330 1144 dico

275 1193 428 1266 Achiuis
441 1198 608 1278 scutum3
630 1191 856 1289 quiquidem
874 1194 977 1267 locus
990 1197 1093 1264 totus
1106 1187 1330 1264 evolvendus

276 1317 391 1384 estet
413 1307 682 1406 perdiscendos,
703 1311 871 1381 siveram
889 1309 934 1382 de
956 1308 1026 1380 hac
1049 1331 1087 1380 re
1111 1304 1332 1380 sententiam

277 1433 368 1500 ferre
385 1425 486 1512 velis,
506 1425 637 1522 dignus
658 1425 824 1522 profecto
848 1425 911 1523 qui
935 1449 1122 1520 nunquam
1147 1425 1193 1496 de
1215 1422 1332 1496 mani·

278 1546 347 1618 bus
361 1543 587 1616 demittatur.
623 1542 744 1616 Facile
754 1567 800 1615 ex
812 1543 875 1616 illo
888 1543 1006 1616 discas
1019 1542 1058 1614 in
1071 1539 1277 1614 delineandi
1294 1545 1333 1612 et

278 1660 429 1734 caelandi
446 1665 523 1732 arte
537 1684 611 1732 non
625 1658 856 1734 mediocriter
868 1665 1030 1734 versatos
1043 1658 1154 1731 fuisse
1169 1656 1331 1744 GraecoS,

280 1775 460 1850 defuerint
475 1775 562 1849 licet
578 1777 650 1850 illis
667 1778 800 1851 tabulae
821 1777 1002 1851 coloribus
1018 1776 1165 1849 variatae
1181 1783 1220 1848 et
1236 1773 1334 1847 Parii

281 1894 469 1966 marmoris
480 1892 591 1989 signa
631 1892 711 1967 Nec
722 1918 808 1967 vero
819 1895 857 1966 in
868 1895 1040 1966 extremis
1052 1892 1211 1989 corporis
1221 1890 1335 1963 linea·

281 2012 413 2086 mentis
430 2011 660 2106 designandis
676 2036 734 2084 res
752 2014 975 2099 substiterat,
995 2011 1059 2084 sed
1075 2017 1114 2084 et
1130 2010 1276 2082 vultum
1296 2015 1337 2079 et

282 2138 425 2228 gestum
451 2128 609 2202 hominis
635 2130 731 2203 intra
756 2154 860 2204 suam
886 2140 1001 2203 artem
1025 2153 1105 2202 esse
1125 2129 1334 2216 votuerunt,

283 2273 400 2345 neque
414 2248 451 2319 in
464 2245 616 2342 singulis
629 2255 666 2319 et
678 2247 772 2320 male
785 2245 1001 2320 consociatis
1014 2243 1226 2342 corporibus
1237 2267 1338 2317 com·

285 2367 416 2440 morati
446 2373 545 2452 sunt,
574 2367 637 2439 sed
662 2391 835 2462 personas
861 2379 899 2439 et
925 2377 1043 2440 coetus
1069 2367 1261 2439 hominum
1285 2365 1340 2438 ita

182 2558 188 2564 .
285 2487 379 2558 inter
395 2509 435 2557 se
452 2507 670 2579 componere
687 2496 880 2572 noverunt,
899 2497 942 2558 ut
965 2492 1086 2556 totum
1109 2508 1155 2556 ex
1176 2482 1339 2578 legitimo

286 2598 444 2695 partium
470 2619 623 2668 numero
649 2595 856 2669 consectum
879 2597 1130 2683 absolverent,
1157 2604 1341 2668 noverunt

286 2714 396 2788 etiam
413 2714 465 2786 ita
481 2736 558 2785 rem
582 2711 695 2785 oculis
719 2711 905 2809 subjicere,
923 2723 966 2786 ut
983 2713 1060 2784 vita
1083 2722 1121 2784 et
1144 2719 1250 2784 motu
1274 2711 1341 2783 do·

288 2842 372 2906 nata
405 2853 484 2904 esse
518 2831 713 2916 videretur,
745 2854 813 2903 nec
847 2836 992 2903 tontum
1027 2829 1206 2902 sedatiora
1239 2827 1342 2924 pacis

204 2951 208 2956 ’
287 2949 413 3023 munia
430 2950 619 3042 attingere,
639 2948 702 3020 sed
719 2948 804 3020 belli
822 2947 931 3021 etiam
954 2949 1118 3020 tumultu
1142 2959 1180 3019 et
1203 2947 1343 3019 fervore

288 3068 411 3142 omnia
428 3067 578 3141 miscere
589 3074 604 3113 ⁸
616 3098 677 3139 :—

449 3263 495 3322 Ἐν
509 3269 537 3322 δὲ
551 3268 611 3338 ἔρις,
629 3267 656 3321 ἕν
670 3267 698 3323 δὲ
712 3269 831 3339 κυδοιμὸς
845 3270 959 3340 ὁμίλεον,
976 3271 1004 3323 ἰν
1017 3268 1039 3324 δ’
1054 3269 1118 3339 ὀλοὴ
1133 3269 1181 3343 κὴρ

443 3364 548 3420 Ἀλλον
561 3363 627 3430 ζωὰν
639 3363 739 3434 ἔχουσα
753 3366 889 3421 νεούτατον
909 3367 993 3420 daton
1004 3366 1105 3432 ἄουτον,

444 3460 549 3517 Ἀλλον
560 3460 690 3530 τεθνηῶτα
703 3465 766 3516 κατὰ
779 3463 861 3532 μόθον
874 3463 936 3517 ε’λκε
949 3463 1058 3517 ποθοῦν

453 3555 521 3628 Εἶμο
535 3555 559 3613 δ’
574 3555 613 3628 ἔχ’
629 3557 695 3629 ἄμφ’
710 3558 805 3627 ὤμοισι
819 3561 958 3630 δαφοινεὸν
972 3557 1059 3628 οἷμοτι
1072 3561 1177 3630 φυτῶν.

449 3652 573 3722 Ὣμίλενν
586 3651 609 3705 δ’
625 3651 659 3706 ὥς
672 3673 700 3704 τε
714 3652 774 3718 ζωοὶ
787 3654 889 3724 βροτοὶ,
902 3649 943 3720 ἧδ’
958 3651 1094 3722 ἐμάχοντο,

454 3747 568 3822 Νεκροΰς
582 3748 606 3802 τ’
622 3748 747 3817 ἀλλήλων
760 3750 835 3821 ἔρυον
849 3748 1064 3816 κατατεθνηῶτος.

293 3939 431 4010 Lucem
447 3933 602 4031 denique
620 3941 657 4009 et
674 3935 841 4007 umbram
860 3933 911 4006 ita
933 3931 1028 4005 inter
1052 3954 1090 4003 sc
1112 3927 1349 4002 commiscere

295 4055 506 4141 didicerant,
530 4059 573 4126 ut
597 4055 737 4126 colores
762 4051 1033 4149 quodammodo
1056 4048 1225 4120 inducam
1249 4045 1349 4117 vide·

295 4180 433 4256 rentur,
453 4176 491 4241 et
508 4169 621 4264 ipsius
641 4169 789 4266 picture
809 4167 951 4240 taudem
970 4156 1184 4260 exaequare*
1196 4193 1256 4234 :-

277 4419 283 4430 .
379 4375 391 4408 ⁸
411 4367 450 4423 Il.
467 4379 495 4424 Σ.
511 4391 566 4439 535.
1005 4362 1017 4394 ¹⁵
1038 4360 1079 4420 Il.
1095 4375 1123 4421 Σ.
1141 4369 1197 4435 548,
1212 4369 1269 4432 5⁶1.
