3058 4902
438 345 653 396 amurcam
677 345 982 394 necrus-cerm.
1172 335 1236 398 301

181 495 340 571 tionead
353 493 547 572 hominum
560 493 730 568 notitiam
743 496 841 567 ultro
854 494 1079 568 deducimur.
1111 493 1238 570 Sense-

182 617 269 686 runt
285 613 358 686 hoc
371 609 558 684 Historici.
595 608 722 707 Itaque
735 609 966 705 Thucydides
984 611 1047 684 ubi
1060 612 1241 686 subtiliter

183 729 277 802 Belli
299 725 594 823 Peloponnesiaci
621 751 749 800 causas
777 727 913 800 evolvit
940 729 978 800 in
1008 727 1240 825 designandis

184 845 465 919 Atheniensium
484 849 521 915 et
539 842 803 939 Spartanorum
820 843 988 917 Moribus
1005 846 1145 919 multus
1162 852 1239 920 est:

185 985 254 1036 nec
275 985 361 1034 vero
379 983 588 1056 quanquam
614 983 784 1056 magnam
810 947 1015 1055 argumenti
1042 962 1101 1034 sui
1127 961 1241 1058 digni·

186 1083 299 1150 tatem
323 1099 465 1170 semper
481 1097 557 1171 prae
581 1099 619 1148 se
635 1075 765 1162 ferens,
784 1075 1011 1172 singulorum
1025 1069 1140 1152 ¹etiam
1161 1102 1242 1177 per·

186 1216 306 1280 sonas,
331 1187 477 1264 Periclis
504 1193 665 1288 inquam,
690 1190 862 1281 Brasidae,
888 1203 925 1266 et
949 1193 1161 1281 Alcibiadis,
1185 1193 1241 1267 in·

186 1315 303 1382 tactas
319 1308 451 1405 linquit
469 1317 533 1382 aut
554 1309 683 1382 leviter
699 1309 921 1404 perstringit.
975 1309 1164 1385 Quantum
1179 1311 1242 1384 ille

185 1423 248 1497 Dii
265 1424 375 1498 boni!
406 1425 451 1496 ab
468 1423 513 1497 iis
531 1423 649 1522 quiin
667 1423 772 1498 meris
785 1423 989 1499 Annalibus
1006 1427 1241 1522 congerendis

187 1565 227 1616 se
251 1547 422 1615 exercent
448 1541 637 1637 discrepat.
693 1539 792 1615 Hinc
821 1565 866 1614 ex
892 1540 1043 1615 historia
1067 1543 1243 1640 profluxit

186 1659 246 1732 vel
272 1656 397 1754 potius
426 1658 473 1731 ab
502 1681 546 1729 ea
579 1655 760 1754 discerpta
793 1663 849 1730 est
877 1659 1102 1755 Biograplu'a
1131 1682 1242 1757 quam

187 1779 331 1861 vocant,
351 1795 432 1869 quae
456 1773 615 1846 secundo
633 1779 778 1846 tantum
800 1774 839 1844 in
856 1774 937 1846 loco
960 1798 1017 1848 res
1037 1781 1157 1870 gestes
1175 1774 1244 1848 sibi

186 1916 254 1987 pro
280 1893 493 1985 argumento
520 1888 640 1976 babet,
660 1899 840 1985 quatenus
865 1889 912 1960 ad
930 1889 1183 1964 declarandam
1199 1890 1241 1963 il·

188 2007 313 2081 lustris
338 2004 492 2101 alicujus
513 2003 592 2078 Viri
616 2028 810 2101 personam
834 2002 975 2077 saciant.
1029 2001 1243 2080 Sentiebant

188 2121 353 2196 homines
387 2119 518 2194 eruditi
548 2127 585 2193 et
619 2121 717 2194 acuti
751 2143 862 2217 quam
895 2119 1049 2216 pulchra
1081 2131 1176 2196 esset
1206 2127 1245 2196 et

188 2237 377 2337 splendida
398 2236 477 2310 haec
497 2235 658 2310 historiae
683 2235 872 2333 particula,
891 2244 929 2310 et
954 2235 1088 2333 nequid
1111 2262 1156 2312 ex
1183 2238 1245 2312 illa

187 2377 263 2451 prae
296 2354 495 2449 majoribus
529 2359 567 2426 et
599 2353 713 2449 magis
753 2351 908 2449 publicis
943 2351 1103 2426 historiae
1137 2377 1243 2450 argu-

189 2469 322 2545 mentis
339 2467 673 2566 praetermitteretur
686 2477 751 2540 aut
764 2491 891 2541 eorum
904 2469 1000 2541 mole
1017 2469 1243 2556 obrueretur,

99 2599 106 2612 “
189 2589 271 2661 loco
287 2595 447 2660 amotam
464 2591 502 2659 et
524 2583 673 2658 seorsim
700 2589 887 2680 sumptam
903 2606 967 2679 per
984 2607 1023 2656 se
1048 2607 1244 2658 exomave-

190 2709 288 2778 runt.
329 2701 407 2786 ‚Est
440 2699 563 2798 itaque
596 2698 783 2775 sanctioris
818 2704 856 2772 ct
890 2697 1036 2795 majoris
1071 2697 1245 2773 Historiae

192 2819 330 2917 optima
376 2816 520 2892 satelles
560 2823 598 2890 et
643 2814 817 2889 ministra.
887 2814 1048 2889 Tantum
1090 2823 1246 2913 possunt

191 2937 317 3010 Mores
342 2935 380 3008 in
403 2933 550 3032 publica
575 2939 612 3007 et
637 2932 779 3029 privata
803 2932 995 3007 hominum
1021 2930 1098 3006 vite
1121 2934 1245 3008 mode·

190 3053 315 3126 rande.
368 3051 497 3148 Itaque
526 3073 590 3124 eos
620 3049 787 3124 adsciscit
816 3049 954 3122 Fabula
983 3048 1029 3122 ad
1058 3049 1246 3146 complen-

191 3170 275 3243 dam
303 3167 515 3264 dignitatem
543 3173 710 3240 suamet
737 3190 859 3253 usum,
889 3162 1045 3262 denique
1071 3172 1246 3264 tanquam

193 3287 272 3384 ejus
289 3285 438 3357 vitalem
454 3282 625 3358 animam.

244 3401 315 3474 Sed
343 3407 381 3473 et
404 3399 476 3496 ipsi
501 3399 541 3472 in
570 3423 609 3472 se
635 3400 793 3471 multum
822 3397 1073 3472 oblectationis
1099 3395 1244 3470 babent.

193 3515 240 3591 Iu
273 3515 452 3591 universis
486 3514 730 3612 Philosophiae
765 3513 891 3611 spatiis
928 3514 1020 3586 nibil
1052 3512 1245 3609 quicquam

192 3633 383 3730 pulchrius
418 3642 485 3721 est,
521 3637 586 3704 aut
620 3631 750 3705 studiis
789 3630 924 3703 nostris
958 3628 1101 3725 dignius
1136 3653 1247 3725 quam

193 3773 297 3822 mens
323 3750 493 3836 humana,
512 3747 588 3820 sive
614 3747 691 3843 ejus
716 3745 755 3817 in
781 3746 963 3842 operando
989 3745 1062 3817 vim
1089 3751 1248 3819 contem·

192 3868 337 3963 plemur
354 3865 429 3939 sive
446 3865 485 3938 in
510 3864 667 3938 consiliis
691 3863 872 3960 capiendis
897 3861 1028 3937 tacitos
1051 3868 1089 3936 et
1105 3862 1248 3958 quietos

193 3993 330 4056 motus,
397 3982 469 4055 Sed
503 3981 556 4053 illi
591 4004 658 4054 uos
695 3978 857 4076 proxime
890 3984 1046 4074 tangunt
1080 3978 1249 4051 humanae

193 4098 326 4172 mentis
352 4099 514 4185 affectae,
534 4097 665 4194 quibus
683 4095 885 4192 voluptatis
911 4100 949 4168 et
974 4092 1107 4168 doloris
1133 4117 1250 4166 aerem

196 4237 345 4288 sensum
380 4216 500 4302 habet,
530 4212 662 4310 quibus
697 4211 905 4285 felicitatem
931 4216 1107 4307 tanquam
1141 4210 1249 4282 finem

195 4353 306 4405 suum
327 4330 497 4428 respicit;
524 4336 562 4402 et
585 4327 638 4400 illi
663 4326 773 4402 etiam
792 4326 924 4423 quibus
942 4327 987 4400 ad
1011 4326 1249 4400 communita·
