3096 4886
289 283 332 346 52
627 303 840 352 rumorem)
866 303 1004 352 reuma

288 445 392 552 parte
408 454 518 528 armis
535 451 611 528 suis
628 463 733 550 septa
749 451 861 548 praelii
879 453 1052 526 eventum
1071 449 1227 548 pendere
1237 457 1251 488 ⁰
1261 479 1328 524 :-

531 605 664 678 πυργηδόν
678 599 765 677 epiris
777 603 870 660 αὐτοὺς
883 599 1045 674 ἀρτύναντες.

443 701 539 774 'lexov
550 703 602 774 γὰρ
615 702 748 774 πυργηδὸν
760 701 933 772 ἀρηρότες,-

288 824 379 898 adeo
413 835 456 898 ut
490 823 528 897 in
562 823 633 896 illis
663 821 816 897 Homeri
846 819 1072 920 perlegendis
1103 843 1352 916 saepenumero

287 940 412 1016 videor
440 939 532 1014 mibi
563 941 752 1038 Spartanae
783 937 972 1037 phalangis
1004 939 1063 1012 vel
1093 935 1268 1010 Romame
1300 938 1351 1009 le·

288 1058 408 1154 gioms
426 1057 655 1157 disciplinam
673 1067 757 1130 ante
775 1059 900 1131 oculos
923 1056 1076 1140 habere;
1104 1065 1139 1128 et
1158 1056 1235 1150 ipse
1251 1053 1351 1127 Thu·

291 1175 439 1274 cydides
457 1201 637 1273 nusquam
655 1175 862 1248 Homerum
880 1173 1029 1271 propius
1047 1171 1223 1269 sequitur,
1242 1195 1350 1270 quam

288 1317 376 1366 cum
389 1290 749 1367 Lacedaemoniorum
767 1291 995 1387 disciplinam
1014 1288 1083 1362 sibi
1101 1289 1352 1362 illustrandam

290 1407 463 1508 suscipit;
491 1409 691 1509 praesertim
717 1408 755 1481 in
776 1407 1000 1481 memorabili
1023 1406 1086 1478 illo
1111 1429 1225 1503 prope
1242 1405 1351 1478 Man-

292 1523 429 1596 tineam
447 1525 570 1620 praelio
581 1533 605 1595 Ρ.
658 1523 781 1596 Etiam
805 1547 849 1595 ex
867 1521 982 1619 ipsius
999 1520 1122 1593 Poetae
1139 1521 1260 1593 verbis
1279 1521 1351 1593 dis-

289 1639 450 1713 criminis
477 1641 583 1713 istius
610 1639 787 1734 originem
812 1663 937 1711 eruere
962 1637 1057 1723 licet,
1076 1662 1150 1734 quo
1168 1637 1288 1711 Graeci
1313 1663 1351 1710 se

267 1756 336 1827 -ab
363 1756 496 1829 exteris
531 1755 713 1843 omnibuS,
742 1781 835 1853 quos
868 1756 1039 1829 barbaros
1074 1756 1265 1844 vocabant,
1297 1781 1351 1828 se·

287 1874 437 1968 junctos
463 1897 541 1947 esse
566 1874 783 1960 voluerunt;
813 1873 1008 1945 nonenim
1033 1871 1105 1944 alio
1129 1873 1282 1945 consilio
1299 1872 1351 1942 al·

290 1991 360 2064 teri
376 1991 466 2066 aciei
482 2015 668 2066 summum
686 1989 724 2063 in
741 1991 823 2087 ipso
836 2013 1053 2085 congressus
1071 1989 1225 2062 articulo
1243 1989 1350 2061 silen-

292 2107 386 2180 tium
413 2108 550 2195 tribuit,
578 2108 682 2181 alteri
717 2107 944 2180 barbaricum
979 2107 1175 2180 clamorem
1185 2113 1211 2194 ³,
1240 2127 1351 2202 quam

290 2223 389 2320 quod
408 2223 557 2300 Graecos
583 2225 621 2301 in
647 2225 748 2298 omni
772 2224 869 2297 bona
893 2221 1083 2320 disciplina
1106 2223 1350 2320 provectiores

292 2367 370 2415 esse
388 2344 515 2416 voluit.

343 2462 466 2556 Atque
488 2457 566 2532 haec
590 2457 736 2558 quidem
762 2459 877 2533 fusius
898 2469 935 2533 et
959 2455 1162 2534 accuratius
1180 2455 1348 2555 explicari

291 2599 400 2674 posse
426 2577 514 2649 satis
540 2576 641 2664 scio;
669 2577 733 2650 sed
760 2601 803 2650 eo
829 2600 946 2673 usque
972 2601 1051 2650 rem
1081 2574 1215 2648 deduxi
1247 2580 1291 2646 ut
1318 2573 1349 2646 si

292 2693 445 2767 istorum
471 2703 679 2791 temporum
706 2693 853 2767 Graeoos
878 2691 1035 2767 incultos
1065 2717 1143 2766 esse
1178 2713 1350 2788 agnosca·

291 2838 388 2902 mus,
407 2813 453 2888 ab
470 2813 602 2910 agresti
624 2824 747 2887 tamen
770 2813 833 2886 illa
857 2821 895 2885 et
915 2811 1067 2885 immani
1084 2808 1221 2884 saevitia
1242 2811 1351 2905 longe

291 2935 450 3006 remotos
480 2953 559 3004 esse
590 2931 790 3018 fateamur3
817 2929 915 3027 apud
945 2953 1037 3026 quos
1068 2927 1099 3002 si
1132 2927 1256 3000 omnia
1281 2925 1350 2998 im·

292 3049 463 3144 perfecta,
492 3047 657 3144 quaedam
685 3047 794 3121 etiam
822 3047 888 3119 vix
918 3047 1087 3121 inchoata
1115 3045 1349 3144 reperiamus,

291 3166 393 3262 atqui
410 3164 536 3238 inillis
554 3190 635 3262 quae
653 3165 813 3238 maxima
829 3171 929 3253 sunt,
948 3188 1028 3262 quae
1049 3163 1349 3237 communitatem

290 3285 375 3358 vitae
409 3285 619 3360 devinciunt
649 3297 686 3361 et
716 3287 917 3373 continent,
949 3287 1106 3384 priscam
1135 3287 1235 3358 illam
1266 3283 1351 3358 sim·

291 3401 491 3500 plicitatem
518 3405 758 3502 contemplari
790 3406 890 3493 licet,
920 3405 1019 3478 unde
1052 3405 1098 3478 ad
1128 3403 1280 3477 meliora
1312 3409 1351 3477 et

291 3522 430 3619 majora
458 3523 668 3610 evehimur;
699 3524 789 3597 adeo
820 3523 959 3596 utillae
986 3523 1283 3620 facultatesque
1312 3519 1352 3594 in

290 3641 458 3738 regendis
485 3641 695 3717 homiuibus
725 3653 762 3717 et
792 3641 831 3716 in
861 3641 1016 3740 publicis
1044 3642 1152 3714 rebus
1181 3637 1353 3712 adminis-

291 3761 431 3834 trandis
448 3769 660 3851 cernuntur,
680 3759 907 3835 occasionem
930 3768 969 3834 et
990 3760 1111 3833 locum
1135 3767 1250 3831 uactae
1273 3757 1351 3830 fue-

291 3879 379 3965 rint,
396 3876 435 3951 in
460 3903 534 3975 quo
560 3902 598 3952 se
624 3885 842 3952 exercerent.
894 3875 988 3952 Jura
1013 3878 1105 3951 adeo
1131 3882 1169 3949 et
1185 3873 1354 3949 instituta

291 3995 447 4068 istorum
471 4002 680 4093 temporum
705 4019 836 4093 parum
862 4002 959 4068 certe
985 3995 1061 4068 suis
1095 3993 1258 4067 numeris
1287 3990 1351 4066 ab·

333 4159 401 4220 011.
422 4171 457 4218 Ν.
481 4176 544 4230 152;
573 4167 685 4220 0.618.
729 4155 800 4220 Vid.
841 4163 874 4220 et
887 4156 1009 4220 initium
1022 4157 1074 4219 lib.
1088 4156 1229 4218 tertia

292 4239 383 4299 etiam
397 4239 440 4299 Il.
456 4252 490 4300 u.
504 4263 564 4312 oro,
576 4239 630 4300 dc.
880 4247 895 4287 Ἰ
909 4237 981 4300 Vid.
1000 4239 1042 4299 Il.
1062 4251 1090 4299 r.
1109 4265 1132 4316 r,
1146 4239 1215 4312 ἕως
1238 4249 1270 4298 Δ.
1288 4245 1351 4311 42⁶,

332 4319 472 4381 'Confer
492 4319 591 4392 abac„
612 4317 633 4378 l.
653 4335 680 4380 r.
703 4335 728 4378 c.
753 4336 799 4392 70;
840 4319 893 4378 &a
