<?xml version="1.0" encoding="UTF-8"?>
<!DOCTYPE html PUBLIC "-//W3C//DTD XHTML 1.0 Transitional//EN"
    "http://www.w3.org/TR/xhtml1/DTD/xhtml1-transitional.dtd">
<html xmlns="http://www.w3.org/1999/xhtml" xml:lang="en" lang="en">
 <head>
  <title>
</title>
<meta http-equiv="Content-Type" content="text/html;charset=utf-8" />
  <meta name='ocr-system' content='tesseract 3.04.00' />
  <meta name='ocr-capabilities' content='ocr_page ocr_carea ocr_par ocr_line ocrx_word'/>
</head>
<body>
  <div class='ocr_page' id='page_1' title='image "./prlectionesacad00randgoog_0069.png"; bbox 0 0 3096 4886; ppageno 0'>
   <div class='ocr_carea' id='block_1_1' title="bbox 557 298 1282 377">
    <p class='ocr_par' dir='ltr' id='par_1_1' title="bbox 557 298 1282 377">
     <span class='ocr_line' id='line_1_1' title="bbox 557 298 1282 377; baseline 0.011 -14"><span class='ocrx_word' id='word_1_1' title='bbox 557 315 771 366; x_wconf 74' lang='lat' dir='ltr'>rnnrrcrro</span> <span class='ocrx_word' id='word_1_2' title='bbox 792 317 945 377; x_wconf 75' lang='grc' dir='ltr'>οοκκπκ.</span> <span class='ocrx_word' id='word_1_3' title='bbox 1238 298 1282 361; x_wconf 80' lang='grc'>59</span> 
     </span>
    </p>
   </div>
   <div class='ocr_carea' id='block_1_2' title="bbox 216 463 1282 1860">
    <p class='ocr_par' dir='ltr' id='par_1_2' title="bbox 216 463 1282 1860">
     <span class='ocr_line' id='line_1_2' title="bbox 221 463 1279 562; baseline 0.001 -25"><span class='ocrx_word' id='word_1_4' title='bbox 221 463 309 562; x_wconf 90' lang='lat' dir='ltr'>ipsis</span> <span class='ocrx_word' id='word_1_5' title='bbox 343 463 457 539; x_wconf 90' lang='lat' dir='ltr'>initiis</span> <span class='ocrx_word' id='word_1_6' title='bbox 491 486 635 536; x_wconf 88' lang='lat' dir='ltr'>summa</span> <span class='ocrx_word' id='word_1_7' title='bbox 668 487 753 536; x_wconf 91' lang='lat' dir='ltr'>oum</span> <span class='ocrx_word' id='word_1_8' title='bbox 788 463 1019 536; x_wconf 88' lang='lat' dir='ltr'>observantia</span> <span class='ocrx_word' id='word_1_9' title='bbox 1056 465 1279 538; x_wconf 77' lang='lat' dir='ltr'>colebantur.</span> 
     </span>
     <span class='ocr_line' id='line_1_3' title="bbox 220 581 1280 679; baseline 0.002 -25"><span class='ocrx_word' id='word_1_10' title='bbox 220 581 323 655; x_wconf 82' lang='lat' dir='ltr'>Duas</span> <span class='ocrx_word' id='word_1_11' title='bbox 341 605 473 656; x_wconf 84' lang='lat' dir='ltr'>uxores</span> <span class='ocrx_word' id='word_1_12' title='bbox 490 581 623 654; x_wconf 87' lang='lat' dir='ltr'>habere</span> <span class='ocrx_word' id='word_1_13' title='bbox 641 581 741 653; x_wconf 87' lang='lat' dir='ltr'>nefas</span> <span class='ocrx_word' id='word_1_14' title='bbox 764 581 846 667; x_wconf 88' lang='lat' dir='ltr'>fuit,</span> <span class='ocrx_word' id='word_1_15' title='bbox 866 591 901 654; x_wconf 88' lang='lat' dir='ltr'>et</span> <span class='ocrx_word' id='word_1_16' title='bbox 921 581 950 654; x_wconf 84' lang='lat' dir='ltr'>si</span> <span class='ocrx_word' id='word_1_17' title='bbox 968 581 1062 655; x_wconf 85' lang='lat' dir='ltr'>sorte</span> <span class='ocrx_word' id='word_1_18' title='bbox 1081 583 1199 679; x_wconf 86' lang='lat' dir='ltr'>pellex</span> <span class='ocrx_word' id='word_1_19' title='bbox 1224 585 1280 656; x_wconf 89' lang='lat' dir='ltr'>vel</span> 
     </span>
     <span class='ocr_line' id='line_1_4' title="bbox 220 694 1280 794; baseline -0.001 -24"><span class='ocrx_word' id='word_1_20' title='bbox 220 697 362 794; x_wconf 85' lang='lat' dir='ltr'>captiva</span> <span class='ocrx_word' id='word_1_21' title='bbox 391 695 542 770; x_wconf 84' lang='lat' dir='ltr'>foemina</span> <span class='ocrx_word' id='word_1_22' title='bbox 566 695 604 767; x_wconf 91' lang='lat' dir='ltr'>in</span> <span class='ocrx_word' id='word_1_23' title='bbox 631 694 762 768; x_wconf 87' lang='lat' dir='ltr'>domus</span> <span class='ocrx_word' id='word_1_24' title='bbox 788 701 826 768; x_wconf 88' lang='lat' dir='ltr'>et</span> <span class='ocrx_word' id='word_1_25' title='bbox 850 695 922 768; x_wconf 90' lang='lat' dir='ltr'>tori</span> <span class='ocrx_word' id='word_1_26' title='bbox 948 697 1172 770; x_wconf 77' lang='lat' dir='ltr'><strong>consortium</strong></span> <span class='ocrx_word' id='word_1_27' title='bbox 1193 696 1280 771; x_wconf 88' lang='lat' dir='ltr'>reci·</span> 
     </span>
     <span class='ocr_line' id='line_1_5' title="bbox 219 811 1282 912; baseline 0 -25"><span class='ocrx_word' id='word_1_28' title='bbox 219 822 377 911; x_wconf 88' lang='lat' dir='ltr'>peretur‚</span> <span class='ocrx_word' id='word_1_29' title='bbox 398 819 436 888; x_wconf 88' lang='lat' dir='ltr'>at</span> <span class='ocrx_word' id='word_1_30' title='bbox 452 837 527 885; x_wconf 92' lang='lat' dir='ltr'>non</span> <span class='ocrx_word' id='word_1_31' title='bbox 545 811 672 886; x_wconf 90' lang='lat' dir='ltr'>eodem</span> <span class='ocrx_word' id='word_1_32' title='bbox 691 812 772 884; x_wconf 88' lang='lat' dir='ltr'>loco</span> <span class='ocrx_word' id='word_1_33' title='bbox 797 819 835 884; x_wconf 90' lang='lat' dir='ltr'>et</span> <span class='ocrx_word' id='word_1_34' title='bbox 857 812 995 886; x_wconf 89' lang='lat' dir='ltr'>honore</span> <span class='ocrx_word' id='word_1_35' title='bbox 1019 825 1109 900; x_wconf 90' lang='lat' dir='ltr'>erat,</span> <span class='ocrx_word' id='word_1_36' title='bbox 1129 838 1201 912; x_wconf 93' lang='lat' dir='ltr'>quo</span> <span class='ocrx_word' id='word_1_37' title='bbox 1218 815 1282 887; x_wconf 90' lang='lat' dir='ltr'>illa</span> 
     </span>
     <span class='ocr_line' id='line_1_6' title="bbox 220 929 1279 1041; baseline 0.002 -26"><span class='ocrx_word' id='word_1_38' title='bbox 220 969 300 1041; x_wconf 87' lang='lat' dir='ltr'>quae</span> <span class='ocrx_word' id='word_1_39' title='bbox 317 933 395 1016; x_wconf 83' lang='grc' dir='ltr'>κατ’</span> <span class='ocrx_word' id='word_1_40' title='bbox 412 929 551 1039; x_wconf 81' lang='grc' dir='ltr'>ἐξοχὴν</span> <span class='ocrx_word' id='word_1_41' title='bbox 569 941 772 1038; x_wconf 81' lang='lat' dir='ltr'>appellatur</span> <span class='ocrx_word' id='word_1_42' title='bbox 790 933 969 1035; x_wconf 85' lang='grc' dir='ltr'>Κονριδίη</span> <span class='ocrx_word' id='word_1_43' title='bbox 989 929 1279 1037; x_wconf 68' lang='grc' dir='ltr'>ἄλοχον-μνη·</span> 
     </span>
     <span class='ocr_line' id='line_1_7' title="bbox 220 1060 1278 1169; baseline 0.004 -26"><span class='ocrx_word' id='word_1_44' title='bbox 220 1060 294 1165; x_wconf 70' lang='lat' dir='ltr'>arr)</span> <span class='ocrx_word' id='word_1_45' title='bbox 323 1063 475 1168; x_wconf 76' lang='grc' dir='ltr'>ἄλοχοι.</span> <span class='ocrx_word' id='word_1_46' title='bbox 534 1069 665 1168; x_wconf 87' lang='lat' dir='ltr'>Neque</span> <span class='ocrx_word' id='word_1_47' title='bbox 697 1069 869 1169; x_wconf 84' lang='lat' dir='ltr'>nuptialis</span> <span class='ocrx_word' id='word_1_48' title='bbox 904 1071 989 1144; x_wconf 84' lang='lat' dir='ltr'>lecti</span> <span class='ocrx_word' id='word_1_49' title='bbox 1015 1070 1104 1146; x_wconf 89' lang='lat' dir='ltr'>fides</span> <span class='ocrx_word' id='word_1_50' title='bbox 1138 1079 1175 1146; x_wconf 89' lang='lat' dir='ltr'>et</span> <span class='ocrx_word' id='word_1_51' title='bbox 1201 1097 1278 1147; x_wconf 87' lang='lat' dir='ltr'>cas·</span> 
     </span>
     <span class='ocr_line' id='line_1_8' title="bbox 219 1187 1279 1288; baseline 0.002 -26"><span class='ocrx_word' id='word_1_52' title='bbox 219 1191 305 1263; x_wconf 87' lang='lat' dir='ltr'>titas</span> <span class='ocrx_word' id='word_1_53' title='bbox 321 1189 470 1288; x_wconf 89' lang='lat' dir='ltr'>impune</span> <span class='ocrx_word' id='word_1_54' title='bbox 487 1189 727 1262; x_wconf 81' lang='lat' dir='ltr'>violabantur.</span> <span class='ocrx_word' id='word_1_55' title='bbox 781 1188 878 1261; x_wconf 90' lang='lat' dir='ltr'>Hine</span> <span class='ocrx_word' id='word_1_56' title='bbox 902 1188 963 1262; x_wconf 88' lang='lat' dir='ltr'>illa</span> <span class='ocrx_word' id='word_1_57' title='bbox 979 1187 1119 1264; x_wconf 85' lang='lat' dir='ltr'>Medeae</span> <span class='ocrx_word' id='word_1_58' title='bbox 1136 1198 1175 1263; x_wconf 89' lang='lat' dir='ltr'>et</span> <span class='ocrx_word' id='word_1_59' title='bbox 1193 1189 1279 1288; x_wconf 89' lang='lat' dir='ltr'>Cly·</span> 
     </span>
     <span class='ocr_line' id='line_1_9' title="bbox 220 1304 1276 1402; baseline 0 -22"><span class='ocrx_word' id='word_1_60' title='bbox 220 1314 434 1380; x_wconf 86' lang='lat' dir='ltr'>taernnestrae</span> <span class='ocrx_word' id='word_1_61' title='bbox 468 1304 650 1391; x_wconf 86' lang='lat' dir='ltr'>vindicta;</span> <span class='ocrx_word' id='word_1_62' title='bbox 687 1305 774 1378; x_wconf 90' lang='lat' dir='ltr'>hino</span> <span class='ocrx_word' id='word_1_63' title='bbox 809 1305 918 1378; x_wconf 87' lang='lat' dir='ltr'>etiam</span> <span class='ocrx_word' id='word_1_64' title='bbox 952 1306 1043 1402; x_wconf 89' lang='lat' dir='ltr'>ipsa,</span> <span class='ocrx_word' id='word_1_65' title='bbox 1079 1312 1121 1379; x_wconf 88' lang='lat' dir='ltr'>ut</span> <span class='ocrx_word' id='word_1_66' title='bbox 1151 1307 1276 1394; x_wconf 85' lang='lat' dir='ltr'>fertur,</span> 
     </span>
     <span class='ocr_line' id='line_1_10' title="bbox 221 1421 1276 1520; baseline -0.001 -25"><span class='ocrx_word' id='word_1_67' title='bbox 221 1423 370 1520; x_wconf 90' lang='lat' dir='ltr'>Trojani</span> <span class='ocrx_word' id='word_1_68' title='bbox 402 1423 488 1496; x_wconf 92' lang='lat' dir='ltr'>belli</span> <span class='ocrx_word' id='word_1_69' title='bbox 522 1422 645 1519; x_wconf 88' lang='lat' dir='ltr'>origo;</span> <span class='ocrx_word' id='word_1_70' title='bbox 674 1447 792 1519; x_wconf 87' lang='lat' dir='ltr'>neque</span> <span class='ocrx_word' id='word_1_71' title='bbox 822 1421 948 1495; x_wconf 87' lang='lat' dir='ltr'>eadem</span> <span class='ocrx_word' id='word_1_72' title='bbox 979 1423 1063 1518; x_wconf 91' lang='lat' dir='ltr'>jura</span> <span class='ocrx_word' id='word_1_73' title='bbox 1098 1422 1165 1495; x_wconf 88' lang='lat' dir='ltr'>sibi</span> <span class='ocrx_word' id='word_1_74' title='bbox 1198 1425 1276 1494; x_wconf 92' lang='lat' dir='ltr'>vin·</span> 
     </span>
     <span class='ocr_line' id='line_1_11' title="bbox 219 1539 1276 1638; baseline -0.003 -23"><span class='ocrx_word' id='word_1_75' title='bbox 219 1543 387 1615; x_wconf 88' lang='lat' dir='ltr'>dicabant</span> <span class='ocrx_word' id='word_1_76' title='bbox 420 1539 446 1615; x_wconf 93' lang='lat' dir='ltr'>ii</span> <span class='ocrx_word' id='word_1_77' title='bbox 476 1539 539 1638; x_wconf 92' lang='lat' dir='ltr'>qui</span> <span class='ocrx_word' id='word_1_78' title='bbox 566 1541 693 1638; x_wconf 84' lang='lat' dir='ltr'>pellice</span> <span class='ocrx_word' id='word_1_79' title='bbox 721 1539 890 1637; x_wconf 83' lang='lat' dir='ltr'>prognati</span> <span class='ocrx_word' id='word_1_80' title='bbox 920 1547 1018 1627; x_wconf 89' lang='lat' dir='ltr'>sunt,</span> <span class='ocrx_word' id='word_1_81' title='bbox 1049 1565 1130 1637; x_wconf 87' lang='lat' dir='ltr'>quae</span> <span class='ocrx_word' id='word_1_82' title='bbox 1159 1539 1276 1636; x_wconf 85' lang='lat' dir='ltr'>legiti-</span> 
     </span>
     <span class='ocr_line' id='line_1_12' title="bbox 218 1656 1278 1755; baseline 0.001 -25"><span class='ocrx_word' id='word_1_83' title='bbox 218 1682 359 1732; x_wconf 88' lang='lat' dir='ltr'>marum</span> <span class='ocrx_word' id='word_1_84' title='bbox 384 1658 597 1755; x_wconf 89' lang='lat' dir='ltr'>nuptiarum</span> <span class='ocrx_word' id='word_1_85' title='bbox 625 1657 779 1730; x_wconf 81' lang='lat' dir='ltr'>soboles,</span> <span class='ocrx_word' id='word_1_86' title='bbox 833 1656 885 1728; x_wconf 91' lang='lat' dir='ltr'>Hi</span> <span class='ocrx_word' id='word_1_87' title='bbox 912 1667 999 1730; x_wconf 89' lang='lat' dir='ltr'>sunt</span> <span class='ocrx_word' id='word_1_88' title='bbox 1029 1657 1092 1754; x_wconf 91' lang='lat' dir='ltr'>qui</span> <span class='ocrx_word' id='word_1_89' title='bbox 1127 1664 1278 1755; x_wconf 88' lang='lat' dir='ltr'>paterna</span> 
     </span>
     <span class='ocr_line' id='line_1_13' title="bbox 216 1773 1276 1860; baseline 0.001 -12"><span class='ocrx_word' id='word_1_90' title='bbox 216 1776 313 1849; x_wconf 89' lang='lat' dir='ltr'>bona</span> <span class='ocrx_word' id='word_1_91' title='bbox 345 1774 439 1848; x_wconf 89' lang='lat' dir='ltr'>inter</span> <span class='ocrx_word' id='word_1_92' title='bbox 469 1798 508 1848; x_wconf 87' lang='lat' dir='ltr'>se</span> <span class='ocrx_word' id='word_1_93' title='bbox 542 1773 799 1860; x_wconf 87' lang='lat' dir='ltr'>sortiebantur,</span> <span class='ocrx_word' id='word_1_94' title='bbox 835 1773 932 1846; x_wconf 89' lang='lat' dir='ltr'>unde</span> <span class='ocrx_word' id='word_1_95' title='bbox 967 1773 1027 1847; x_wconf 84' lang='lat' dir='ltr'>illa</span> <span class='ocrx_word' id='word_1_96' title='bbox 1063 1773 1276 1848; x_wconf 87' lang='lat' dir='ltr'>Graecorum</span> 
     </span>
    </p>
   </div>
   <div class='ocr_carea' id='block_1_3' title="bbox 215 1896 1271 1999">
    <p class='ocr_par' dir='ltr' id='par_1_3' title="bbox 215 1896 1271 1999">
     <span class='ocr_line' id='line_1_14' title="bbox 215 1896 1271 1999; baseline 0.002 -23"><span class='ocrx_word' id='word_1_97' title='bbox 215 1896 445 1999; x_wconf 85' lang='grc' dir='ltr'>κληρονομία</span> <span class='ocrx_word' id='word_1_98' title='bbox 463 1909 584 1978; x_wconf 88' lang='lat' dir='ltr'>ortum</span> <span class='ocrx_word' id='word_1_99' title='bbox 595 1903 738 1992; x_wconf 85' lang='lat' dir='ltr'>habet⁰,</span> <span class='ocrx_word' id='word_1_100' title='bbox 750 1912 788 1975; x_wconf 91' lang='lat' dir='ltr'>et</span> <span class='ocrx_word' id='word_1_101' title='bbox 804 1903 896 1977; x_wconf 90' lang='lat' dir='ltr'>illud</span> <span class='ocrx_word' id='word_1_102' title='bbox 913 1902 1022 1976; x_wconf 87' lang='lat' dir='ltr'>etiem</span> <span class='ocrx_word' id='word_1_103' title='bbox 1033 1903 1271 1978; x_wconf 90' lang='lat' dir='ltr'>Homericum</span> 
     </span>
    </p>
   </div>
   <div class='ocr_carea' id='block_1_4' title="bbox 215 2020 1278 2576">
    <p class='ocr_par' dir='ltr' id='par_1_4' title="bbox 215 2020 1278 2576">
     <span class='ocr_line' id='line_1_15' title="bbox 215 2020 1273 2127; baseline 0 -22"><span class='ocrx_word' id='word_1_104' title='bbox 215 2022 466 2127; x_wconf 84' lang='grc' dir='ltr'>πολυκλήρων</span> <span class='ocrx_word' id='word_1_105' title='bbox 493 2020 708 2126; x_wconf 65' lang='grc' dir='ltr'>ἀνθράκων,</span> <span class='ocrx_word' id='word_1_106' title='bbox 739 2031 877 2104; x_wconf 83' lang='lat' dir='ltr'>caeteris</span> <span class='ocrx_word' id='word_1_107' title='bbox 905 2055 950 2105; x_wconf 89' lang='lat' dir='ltr'>ex</span> <span class='ocrx_word' id='word_1_108' title='bbox 977 2031 1129 2106; x_wconf 86' lang='lat' dir='ltr'>arbitrio</span> <span class='ocrx_word' id='word_1_109' title='bbox 1161 2033 1273 2106; x_wconf 89' lang='lat' dir='ltr'>haere·</span> 
     </span>
     <span class='ocr_line' id='line_1_16' title="bbox 217 2149 1278 2249; baseline 0 -25"><span class='ocrx_word' id='word_1_110' title='bbox 217 2151 303 2225; x_wconf 90' lang='lat' dir='ltr'>dum</span> <span class='ocrx_word' id='word_1_111' title='bbox 337 2174 445 2249; x_wconf 86' lang='lat' dir='ltr'>parce</span> <span class='ocrx_word' id='word_1_112' title='bbox 475 2149 641 2249; x_wconf 85' lang='lat' dir='ltr'>quaedam</span> <span class='ocrx_word' id='word_1_113' title='bbox 676 2149 986 2224; x_wconf 89' lang='lat' dir='ltr'>distribuebantur</span> <span class='ocrx_word' id='word_1_114' title='bbox 995 2159 1020 2224; x_wconf 67' lang='grc' dir='ltr'>Ρ.</span> <span class='ocrx_word' id='word_1_115' title='bbox 1072 2151 1157 2224; x_wconf 86' lang='lat' dir='ltr'>Jam</span> <span class='ocrx_word' id='word_1_116' title='bbox 1192 2161 1278 2236; x_wconf 76' lang='lat' dir='ltr'>tum¹</span> 
     </span>
     <span class='ocr_line' id='line_1_17' title="bbox 215 2264 1272 2365; baseline 0 -25"><span class='ocrx_word' id='word_1_117' title='bbox 215 2266 326 2342; x_wconf 86' lang='lat' dir='ltr'>etiarn</span> <span class='ocrx_word' id='word_1_118' title='bbox 346 2266 542 2340; x_wconf 83' lang='lat' dir='ltr'>testivitate</span> <span class='ocrx_word' id='word_1_119' title='bbox 564 2276 601 2340; x_wconf 91' lang='lat' dir='ltr'>et</span> <span class='ocrx_word' id='word_1_120' title='bbox 627 2264 739 2340; x_wconf 90' lang='lat' dir='ltr'>choro</span> <span class='ocrx_word' id='word_1_121' title='bbox 763 2273 801 2339; x_wconf 89' lang='lat' dir='ltr'>et</span> <span class='ocrx_word' id='word_1_122' title='bbox 823 2266 1000 2340; x_wconf 88' lang='lat' dir='ltr'>conviviis</span> <span class='ocrx_word' id='word_1_123' title='bbox 1022 2268 1161 2365; x_wconf 85' lang='lat' dir='ltr'>nuptiae</span> <span class='ocrx_word' id='word_1_124' title='bbox 1181 2269 1272 2341; x_wconf 88' lang='lat' dir='ltr'>cele·</span> 
     </span>
     <span class='ocr_line' id='line_1_18' title="bbox 216 2383 1271 2483; baseline 0.002 -25"><span class='ocrx_word' id='word_1_125' title='bbox 216 2385 422 2472; x_wconf 86' lang='lat' dir='ltr'>brabantur,</span> <span class='ocrx_word' id='word_1_126' title='bbox 452 2394 488 2459; x_wconf 86' lang='lat' dir='ltr'>et</span> <span class='ocrx_word' id='word_1_127' title='bbox 522 2383 676 2481; x_wconf 85' lang='lat' dir='ltr'>virgines</span> <span class='ocrx_word' id='word_1_128' title='bbox 711 2409 814 2458; x_wconf 87' lang='lat' dir='ltr'>novae</span> <span class='ocrx_word' id='word_1_129' title='bbox 849 2391 974 2482; x_wconf 84' lang='lat' dir='ltr'>nuptae</span> <span class='ocrx_word' id='word_1_130' title='bbox 1010 2385 1104 2459; x_wconf 83' lang='lat' dir='ltr'>faces</span> <span class='ocrx_word' id='word_1_131' title='bbox 1140 2388 1271 2483; x_wconf 85' lang='lat' dir='ltr'>praelu-</span> 
     </span>
     <span class='ocr_line' id='line_1_19' title="bbox 215 2503 447 2576; baseline -0.009 0"><span class='ocrx_word' id='word_1_132' title='bbox 215 2503 373 2576; x_wconf 85' lang='lat' dir='ltr'>cabant‘¹</span> <span class='ocrx_word' id='word_1_133' title='bbox 386 2533 447 2574; x_wconf 93' lang='lat'>:—</span> 
     </span>
    </p>
   </div>
   <div class='ocr_carea' id='block_1_5' title="bbox 374 2656 1073 2831">
    <p class='ocr_par' dir='ltr' id='par_1_5' title="bbox 374 2656 1073 2831">
     <span class='ocr_line' id='line_1_20' title="bbox 377 2656 1073 2732; baseline 0 -16"><span class='ocrx_word' id='word_1_134' title='bbox 377 2659 490 2731; x_wconf 69' lang='lat' dir='ltr'>utpotae</span> <span class='ocrx_word' id='word_1_135' title='bbox 503 2659 526 2714; x_wconf 75' lang='grc' dir='ltr'>δ’</span> <span class='ocrx_word' id='word_1_136' title='bbox 542 2660 570 2714; x_wconf 82' lang='grc' dir='ltr'>ιἰι</span> <span class='ocrx_word' id='word_1_137' title='bbox 583 2659 707 2730; x_wconf 78' lang='grc' dir='ltr'>θαλάμων</span> <span class='ocrx_word' id='word_1_138' title='bbox 719 2656 816 2716; x_wconf 76' lang='grc' dir='ltr'>δαΐδων</span> <span class='ocrx_word' id='word_1_139' title='bbox 829 2659 1073 2732; x_wconf 70' lang='grc' dir='ltr'>ὖπολσμπομινόων</span> 
     </span>
     <span class='ocr_line' id='line_1_21' title="bbox 374 2755 1029 2831; baseline -0.002 -17"><span class='ocrx_word' id='word_1_140' title='bbox 374 2757 494 2831; x_wconf 71' lang='grc' dir='ltr'>Ἠγίνιον</span> <span class='ocrx_word' id='word_1_141' title='bbox 506 2757 554 2814; x_wconf 71' lang='lat' dir='ltr'>tvo</span> <span class='ocrx_word' id='word_1_142' title='bbox 566 2757 644 2822; x_wconf 71' lang='lat' dir='ltr'>tm,</span> <span class='ocrx_word' id='word_1_143' title='bbox 657 2758 741 2814; x_wconf 74' lang='grc' dir='ltr'>πολὺν</span> <span class='ocrx_word' id='word_1_144' title='bbox 754 2755 778 2812; x_wconf 81' lang='grc' dir='ltr'>δ’</span> <span class='ocrx_word' id='word_1_145' title='bbox 794 2757 913 2828; x_wconf 74' lang='grc' dir='ltr'>ὑμέναιος</span> <span class='ocrx_word' id='word_1_146' title='bbox 927 2758 1029 2830; x_wconf 74' lang='grc' dir='ltr'>ὀρώρει·</span> 
     </span>
    </p>
   </div>
   <div class='ocr_carea' id='block_1_6' title="bbox 206 2886 1270 3574">
    <p class='ocr_par' dir='ltr' id='par_1_6' title="bbox 206 2886 1270 3574">
     <span class='ocr_line' id='line_1_22' title="bbox 214 2886 1270 2988; baseline -0.001 -25"><span class='ocrx_word' id='word_1_147' title='bbox 214 2897 259 2963; x_wconf 93' lang='lat' dir='ltr'>nt</span> <span class='ocrx_word' id='word_1_148' title='bbox 284 2891 364 2988; x_wconf 86' lang='lat' dir='ltr'>ipsa</span> <span class='ocrx_word' id='word_1_149' title='bbox 395 2889 488 2963; x_wconf 86' lang='lat' dir='ltr'>ritus</span> <span class='ocrx_word' id='word_1_150' title='bbox 517 2888 733 2963; x_wconf 82' lang='lat' dir='ltr'>solennitate</span> <span class='ocrx_word' id='word_1_151' title='bbox 758 2888 904 2961; x_wconf 83' lang='lat' dir='ltr'>vincula</span> <span class='ocrx_word' id='word_1_152' title='bbox 929 2886 1150 2960; x_wconf 89' lang='lat' dir='ltr'>matrimonii</span> <span class='ocrx_word' id='word_1_153' title='bbox 1182 2913 1270 2963; x_wconf 88' lang='lat' dir='ltr'>con-</span> 
     </span>
     <span class='ocr_line' id='line_1_23' title="bbox 214 3003 1269 3101; baseline -0.001 -21"><span class='ocrx_word' id='word_1_154' title='bbox 214 3007 411 3080; x_wconf 84' lang='lat' dir='ltr'>firmarent.</span> <span class='ocrx_word' id='word_1_155' title='bbox 465 3005 535 3078; x_wconf 79' lang='lat' dir='ltr'>Sed</span> <span class='ocrx_word' id='word_1_156' title='bbox 558 3003 648 3101; x_wconf 92' lang='lat' dir='ltr'>quid</span> <span class='ocrx_word' id='word_1_157' title='bbox 670 3004 796 3078; x_wconf 88' lang='lat' dir='ltr'>multis</span> <span class='ocrx_word' id='word_1_158' title='bbox 820 3012 969 3078; x_wconf 83' lang='lat' dir='ltr'>moror?</span> <span class='ocrx_word' id='word_1_159' title='bbox 996 3029 1041 3078; x_wconf 83' lang='lat' dir='ltr'>ex</span> <span class='ocrx_word' id='word_1_160' title='bbox 1062 3005 1171 3079; x_wconf 91' lang='lat' dir='ltr'>unico</span> <span class='ocrx_word' id='word_1_161' title='bbox 1190 3005 1269 3080; x_wconf 88' lang='lat' dir='ltr'>Ho-</span> 
     </span>
     <span class='ocr_line' id='line_1_24' title="bbox 213 3121 1269 3218; baseline 0 -21"><span class='ocrx_word' id='word_1_162' title='bbox 213 3125 303 3197; x_wconf 86' lang='lat' dir='ltr'>meri</span> <span class='ocrx_word' id='word_1_163' title='bbox 330 3123 412 3197; x_wconf 91' lang='lat' dir='ltr'>loco</span> <span class='ocrx_word' id='word_1_164' title='bbox 442 3121 529 3196; x_wconf 84' lang='lat' dir='ltr'>satis</span> <span class='ocrx_word' id='word_1_165' title='bbox 557 3121 769 3195; x_wconf 89' lang='lat' dir='ltr'>discendum</span> <span class='ocrx_word' id='word_1_166' title='bbox 797 3131 863 3209; x_wconf 83' lang='lat' dir='ltr'>est,</span> <span class='ocrx_word' id='word_1_167' title='bbox 891 3133 1031 3218; x_wconf 86' lang='lat' dir='ltr'>quanto</span> <span class='ocrx_word' id='word_1_168' title='bbox 1061 3121 1098 3195; x_wconf 91' lang='lat' dir='ltr'>in</span> <span class='ocrx_word' id='word_1_169' title='bbox 1131 3121 1269 3197; x_wconf 92' lang='lat' dir='ltr'>honore</span> 
     </span>
     <span class='ocr_line' id='line_1_25' title="bbox 206 3239 1267 3336; baseline -0.002 -22"><span class='ocrx_word' id='word_1_170' title='bbox 206 3239 286 3336; x_wconf 83' lang='lat' dir='ltr'>jam</span> <span class='ocrx_word' id='word_1_171' title='bbox 312 3249 393 3314; x_wconf 92' lang='lat' dir='ltr'>tum</span> <span class='ocrx_word' id='word_1_172' title='bbox 418 3239 618 3314; x_wconf 88' lang='lat' dir='ltr'>habebatur</span> <span class='ocrx_word' id='word_1_173' title='bbox 643 3261 745 3312; x_wconf 85' lang='lat' dir='ltr'>amor</span> <span class='ocrx_word' id='word_1_174' title='bbox 765 3245 803 3312; x_wconf 89' lang='lat' dir='ltr'>et</span> <span class='ocrx_word' id='word_1_175' title='bbox 828 3239 917 3312; x_wconf 87' lang='lat' dir='ltr'>tides</span> <span class='ocrx_word' id='word_1_176' title='bbox 943 3261 1027 3336; x_wconf 81' lang='lat' dir='ltr'>erge</span> <span class='ocrx_word' id='word_1_177' title='bbox 1052 3239 1267 3336; x_wconf 67' lang='lat' dir='ltr'>conjugem</span> 
     </span>
     <span class='ocr_line' id='line_1_26' title="bbox 213 3356 1269 3456; baseline 0.001 -24"><span class='ocrx_word' id='word_1_178' title='bbox 213 3381 322 3456; x_wconf 83' lang='lat' dir='ltr'>quam</span> <span class='ocrx_word' id='word_1_179' title='bbox 356 3357 409 3431; x_wconf 93' lang='lat' dir='ltr'>illi</span> <span class='ocrx_word' id='word_1_180' title='bbox 441 3358 487 3431; x_wconf 90' lang='lat' dir='ltr'>ab</span> <span class='ocrx_word' id='word_1_181' title='bbox 522 3356 600 3430; x_wconf 87' lang='lat' dir='ltr'>aliis</span> <span class='ocrx_word' id='word_1_182' title='bbox 635 3356 927 3454; x_wconf 81' lang='lat' dir='ltr'>suscipiebantur</span> <span class='ocrx_word' id='word_1_183' title='bbox 963 3364 985 3396; x_wconf 80' lang='lat'>‘⁶</span> <span class='ocrx_word' id='word_1_184' title='bbox 1001 3382 1093 3455; x_wconf 86' lang='lat' dir='ltr'>quos</span> <span class='ocrx_word' id='word_1_185' title='bbox 1127 3358 1269 3456; x_wconf 82' lang='lat' dir='ltr'>irrupta</span> 
     </span>
     <span class='ocr_line' id='line_1_27' title="bbox 212 3477 586 3574; baseline -0.005 -24"><span class='ocrx_word' id='word_1_186' title='bbox 212 3482 313 3550; x_wconf 88' lang='lat' dir='ltr'>tenet</span> <span class='ocrx_word' id='word_1_187' title='bbox 330 3477 483 3574; x_wconf 72' lang='lat' dir='ltr'>copular</span> <span class='ocrx_word' id='word_1_188' title='bbox 496 3477 586 3548; x_wconf 88' lang='lat'>:’&#39;-</span> 
     </span>
    </p>
   </div>
   <div class='ocr_carea' id='block_1_7' title="bbox 371 3646 1080 3817">
    <p class='ocr_par' dir='ltr' id='par_1_7' title="bbox 371 3646 1080 3817">
     <span class='ocr_line' id='line_1_28' title="bbox 371 3646 1080 3719; baseline -0.004 -13"><span class='ocrx_word' id='word_1_189' title='bbox 371 3651 416 3706; x_wconf 63' lang='lat' dir='ltr'>sot</span> <span class='ocrx_word' id='word_1_190' title='bbox 430 3649 458 3704; x_wconf 76' lang='grc' dir='ltr'>δι’</span> <span class='ocrx_word' id='word_1_191' title='bbox 473 3647 528 3705; x_wconf 77' lang='grc' dir='ltr'>θεοὶ</span> <span class='ocrx_word' id='word_1_192' title='bbox 541 3650 608 3704; x_wconf 83' lang='grc' dir='ltr'>τόσα</span> <span class='ocrx_word' id='word_1_193' title='bbox 622 3647 698 3710; x_wconf 79' lang='grc' dir='ltr'>δοῖεν,</span> <span class='ocrx_word' id='word_1_194' title='bbox 715 3646 766 3702; x_wconf 80' lang='grc' dir='ltr'>ὅσα</span> <span class='ocrx_word' id='word_1_195' title='bbox 780 3647 864 3719; x_wconf 78' lang='grc' dir='ltr'>φρεσὶ</span> <span class='ocrx_word' id='word_1_196' title='bbox 878 3649 944 3717; x_wconf 76' lang='grc' dir='ltr'>σῇσι</span> <span class='ocrx_word' id='word_1_197' title='bbox 956 3651 1080 3718; x_wconf 70' lang='grc' dir='ltr'>μενοινᾷς,</span> 
     </span>
     <span class='ocr_line' id='line_1_29' title="bbox 373 3739 1041 3817; baseline -0.006 -15"><span class='ocrx_word' id='word_1_198' title='bbox 373 3743 469 3817; x_wconf 74' lang='grc' dir='ltr'>Ἀνδρά</span> <span class='ocrx_word' id='word_1_199' title='bbox 481 3765 510 3800; x_wconf 79' lang='grc' dir='ltr'>τι</span> <span class='ocrx_word' id='word_1_200' title='bbox 524 3745 565 3800; x_wconf 79' lang='grc' dir='ltr'>καὶ</span> <span class='ocrx_word' id='word_1_201' title='bbox 578 3739 649 3800; x_wconf 69' lang='grc' dir='ltr'>οἷκον</span> <span class='ocrx_word' id='word_1_202' title='bbox 662 3744 703 3798; x_wconf 83' lang='grc' dir='ltr'>καὶ</span> <span class='ocrx_word' id='word_1_203' title='bbox 717 3743 903 3816; x_wconf 79' lang='grc' dir='ltr'>ὁμοφροσύνην</span> <span class='ocrx_word' id='word_1_204' title='bbox 915 3743 1041 3799; x_wconf 78' lang='grc' dir='ltr'>ὀπάσειαν</span> 
     </span>
    </p>
   </div>
   <div class='ocr_carea' id='block_1_8' title="bbox 208 3939 1267 4416">
    <p class='ocr_par' dir='ltr' id='par_1_8' title="bbox 208 3939 1267 4416">
     <span class='ocr_line' id='line_1_30' title="bbox 252 3939 1267 4016; baseline -0.003 -18"><span class='ocrx_word' id='word_1_205' title='bbox 252 3945 327 3998; x_wconf 70' lang='grc' dir='ltr'>οΔιὸ</span> <span class='ocrx_word' id='word_1_206' title='bbox 349 3945 390 3998; x_wconf 82' lang='grc' dir='ltr'>καὶ</span> <span class='ocrx_word' id='word_1_207' title='bbox 414 3941 596 4016; x_wconf 82' lang='grc' dir='ltr'>πολυκλὴροοι·</span> <span class='ocrx_word' id='word_1_208' title='bbox 618 3941 717 4013; x_wconf 73' lang='grc' dir='ltr'>ἀνθρώ·</span> <span class='ocrx_word' id='word_1_209' title='bbox 758 3941 847 4013; x_wconf 78' lang='grc' dir='ltr'>τρικὴν</span> <span class='ocrx_word' id='word_1_210' title='bbox 869 3941 968 4008; x_wconf 77' lang='grc' dir='ltr'>κτῆσιν·</span> <span class='ocrx_word' id='word_1_211' title='bbox 990 3941 1050 3996; x_wconf 73' lang='grc' dir='ltr'>ὅθεν</span> <span class='ocrx_word' id='word_1_212' title='bbox 1071 3939 1085 4008; x_wconf 78' lang='grc' dir='ltr'><strong><em>ἡ</em></strong></span> <span class='ocrx_word' id='word_1_213' title='bbox 1110 3941 1267 4012; x_wconf 73' lang='grc' dir='ltr'>κληρονομία</span> 
     </span>
     <span class='ocr_line' id='line_1_31' title="bbox 210 4015 1171 4096; baseline -0.006 -16"><span class='ocrx_word' id='word_1_214' title='bbox 210 4043 275 4080; x_wconf 70' lang='grc' dir='ltr'>πονο</span> <span class='ocrx_word' id='word_1_215' title='bbox 294 4021 351 4093; x_wconf 65' lang='grc' dir='ltr'>μοι’</span> <span class='ocrx_word' id='word_1_216' title='bbox 366 4023 446 4095; x_wconf 75' lang='grc' dir='ltr'>ὀλίγα</span> <span class='ocrx_word' id='word_1_217' title='bbox 462 4023 524 4096; x_wconf 69' lang='lat' dir='ltr'>ipsi,</span> <span class='ocrx_word' id='word_1_218' title='bbox 537 4022 580 4094; x_wconf 66' lang='grc' dir='ltr'>ἔφ’</span> <span class='ocrx_word' id='word_1_219' title='bbox 596 4017 634 4078; x_wconf 77' lang='grc' dir='ltr'>οἷς</span> <span class='ocrx_word' id='word_1_220' title='bbox 650 4023 718 4076; x_wconf 83' lang='grc' dir='ltr'>πολ·</span> <span class='ocrx_word' id='word_1_221' title='bbox 758 4017 1054 4093; x_wconf 64' lang='grc' dir='ltr'>λέγεται-ΕΜΜΗΙ.</span> <span class='ocrx_word' id='word_1_222' title='bbox 1068 4018 1101 4077; x_wconf 76' lang='lat' dir='ltr'>ia</span> <span class='ocrx_word' id='word_1_223' title='bbox 1118 4015 1171 4075; x_wconf 74' lang='lat' dir='ltr'>Od.</span> 
     </span>
     <span class='ocr_line' id='line_1_32' title="bbox 209 4097 1005 4176; baseline 0.003 -20"><span class='ocrx_word' id='word_1_224' title='bbox 209 4105 254 4159; x_wconf 73' lang='lat' dir='ltr'>lot</span> <span class='ocrx_word' id='word_1_225' title='bbox 277 4105 422 4169; x_wconf 71' lang='grc' dir='ltr'>βάλλονται</span> <span class='ocrx_word' id='word_1_226' title='bbox 446 4107 538 4176; x_wconf 74' lang='grc' dir='ltr'>κλῆροι</span> <span class='ocrx_word' id='word_1_227' title='bbox 562 4104 625 4158; x_wconf 79' lang='grc' dir='ltr'>κατὰ</span> <span class='ocrx_word' id='word_1_228' title='bbox 651 4102 718 4174; x_wconf 84' lang='grc' dir='ltr'>λσχ·</span> <span class='ocrx_word' id='word_1_229' title='bbox 799 4097 882 4155; x_wconf 75' lang='lat' dir='ltr'><em>POd.</em></span> <span class='ocrx_word' id='word_1_230' title='bbox 898 4107 930 4157; x_wconf 72' lang='grc' dir='ltr'>Ξ.</span> <span class='ocrx_word' id='word_1_231' title='bbox 948 4107 1005 4158; x_wconf 78' lang='lat'>²80.</span> 
     </span>
     <span class='ocr_line' id='line_1_33' title="bbox 209 4176 989 4255; baseline 0 -16"><span class='ocrx_word' id='word_1_232' title='bbox 209 4182 282 4254; x_wconf 81' lang='grc' dir='ltr'>μοῦι·</span> <span class='ocrx_word' id='word_1_233' title='bbox 302 4182 363 4240; x_wconf 70' lang='grc' dir='ltr'>ὅθεν</span> <span class='ocrx_word' id='word_1_234' title='bbox 376 4186 418 4240; x_wconf 77' lang='lat' dir='ltr'>rol</span> <span class='ocrx_word' id='word_1_235' title='bbox 431 4185 462 4239; x_wconf 81' lang='grc' dir='ltr'>τὸ</span> <span class='ocrx_word' id='word_1_236' title='bbox 480 4184 649 4255; x_wconf 72' lang='grc' dir='ltr'>κληρονομεῖν</span> <span class='ocrx_word' id='word_1_237' title='bbox 667 4203 719 4238; x_wconf 88' lang='grc' dir='ltr'>πο·</span> <span class='ocrx_word' id='word_1_238' title='bbox 800 4176 870 4235; x_wconf 68' lang='grc' dir='ltr'>ΠΙ.</span> <span class='ocrx_word' id='word_1_239' title='bbox 886 4189 914 4235; x_wconf 78' lang='grc' dir='ltr'>Σ.</span> <span class='ocrx_word' id='word_1_240' title='bbox 929 4201 989 4252; x_wconf 77' lang='grc' dir='ltr'>49ι.</span> 
     </span>
     <span class='ocr_line' id='line_1_34' title="bbox 208 4256 995 4336; baseline -0.004 -17"><span class='ocrx_word' id='word_1_241' title='bbox 208 4266 430 4336; x_wconf 63' lang='lat' dir='ltr'>pampulo-seirat·</span> <span class='ocrx_word' id='word_1_242' title='bbox 451 4263 533 4333; x_wconf 75' lang='grc' dir='ltr'>δῆλον</span> <span class='ocrx_word' id='word_1_243' title='bbox 540 4265 591 4335; x_wconf 76' lang='grc' dir='ltr'>γὰρ</span> <span class='ocrx_word' id='word_1_244' title='bbox 605 4264 639 4318; x_wconf 75' lang='grc' dir='ltr'>ὣς</span> <span class='ocrx_word' id='word_1_245' title='bbox 653 4260 716 4330; x_wconf 73' lang='lat' dir='ltr'>ritri-</span> <span class='ocrx_word' id='word_1_246' title='bbox 797 4267 808 4298; x_wconf 80' lang='lat'>¹</span> <span class='ocrx_word' id='word_1_247' title='bbox 824 4256 878 4317; x_wconf 80' lang='lat' dir='ltr'>Od.</span> <span class='ocrx_word' id='word_1_248' title='bbox 894 4270 922 4316; x_wconf 79' lang='lat' dir='ltr'>Z.</span> <span class='ocrx_word' id='word_1_249' title='bbox 941 4271 995 4320; x_wconf 77' lang='lat'>180.</span> 
     </span>
     <span class='ocr_line' id='line_1_35' title="bbox 208 4343 716 4416; baseline -0.004 -18"><span class='ocrx_word' id='word_1_250' title='bbox 208 4365 264 4415; x_wconf 81' lang='grc' dir='ltr'>ροιι</span> <span class='ocrx_word' id='word_1_251' title='bbox 283 4343 429 4416; x_wconf 75' lang='grc' dir='ltr'>διινᾶμονπο</span> <span class='ocrx_word' id='word_1_252' title='bbox 449 4347 475 4399; x_wconf 78' lang='lat' dir='ltr'>ot</span> <span class='ocrx_word' id='word_1_253' title='bbox 493 4345 582 4400; x_wconf 76' lang='lat' dir='ltr'>rraibrr</span> <span class='ocrx_word' id='word_1_254' title='bbox 602 4343 648 4412; x_wconf 70' lang='lat' dir='ltr'>riv</span> <span class='ocrx_word' id='word_1_255' title='bbox 667 4363 716 4398; x_wconf 86' lang='grc' dir='ltr'>πο-</span> 
     </span>
    </p>
   </div>
   <div class='ocr_carea' id='block_1_9' title="bbox 0 0 1552 4886">
    <p class='ocr_par' dir='ltr' id='par_1_9' title="bbox 0 0 1552 4886">
     <span class='ocr_line' id='line_1_36' title="bbox 0 0 1552 4886; baseline 0 4"><span class='ocrx_word' id='word_1_256' title='bbox 0 0 1552 4886; x_wconf 95' lang='lat' dir='ltr'> </span> 
     </span>
    </p>
   </div>
  </div>
 </body>
</html>
