3094 4898
573 322 785 372 rnannorro
808 323 933 372 surra.
1242 304 1282 365 91

228 488 374 560 oracula
390 485 603 573 evolvimus,
623 510 667 558 ex
694 485 822 560 iisdem
846 492 883 558 et
900 479 1083 582 religionis
1101 492 1139 557 et
1155 485 1282 559 ethicae

228 601 377 697 insuper
404 600 602 698 disciplinae
632 600 777 674 initium
804 625 955 698 capere;
987 623 1105 698 neque
1133 600 1164 673 si
1195 601 1283 673 Pro-

229 717 350 813 phetae
378 716 525 790 nomine
553 717 685 790 Mosen
713 739 939 804 veneramur,
968 739 1012 788 ea
1040 715 1150 788 etiam
1176 718 1284 789 abne·

227 833 347 926 ganda
374 833 455 907 laus
481 839 549 921 est,
578 833 678 930 quod
707 833 746 905 in
771 830 933 906 moribus
960 832 1183 928 explicandis
1209 831 1283 906 his·

229 947 427 1022 toricorum
443 949 536 1022 nulli
553 948 735 1024 secundus
761 954 829 1020 est.
883 946 994 1023 Quod
1016 947 1132 1020 nostri
1158 954 1212 1020 est
1231 947 1284 1020 in·

228 1065 361 1152 stituti,
378 1090 553 1162 magnum
578 1065 658 1153 erit,
678 1064 709 1138 si
733 1063 827 1138 forte
852 1063 1006 1138 heroicae
1029 1063 1114 1138 vitae
1136 1063 1284 1138 habitus

228 1206 252 1255 a
277 1183 450 1278 primaeva
479 1182 709 1280 simplicitate
739 1205 814 1256 non
843 1183 1006 1256 multum
1035 1182 1205 1256 abludere
1231 1181 1284 1255 ri·

231 1299 369 1372 deatur.

279 1414 365 1500 Jam
381 1437 467 1487 vero
493 1414 532 1487 in
556 1439 595 1487 re
621 1412 766 1510 politica
792 1418 830 1488 et
855 1401 900 1487 in*
918 1414 1060 1511 legibus
1087 1413 1284 1490 condendis

229 1555 360 1628 parum
383 1536 481 1604 certe
503 1529 737 1627 profecerunt
760 1541 844 1604 ante
868 1531 999 1605 Jacobi
1025 1541 1190 1628 tempora
1209 1530 1282 1605 He-

229 1648 335 1721 braeae
351 1647 471 1744 gentis
488 1647 672 1733 authores,
692 1670 901 1743 quanquam
923 1647 962 1720 in
979 1647 1066 1744 ipsis
1083 1647 1284 1721 Abrahami
1303 1639 1308 1653 '

229 1772 267 1838 et
283 1774 496 1838 caeterorum
510 1763 655 1837 familiis
668 1763 779 1837 habes
797 1763 937 1860 imperii
956 1765 1173 1861 exemplum,
1185 1763 1283 1862 quod

229 1890 397 1954 nontam
414 1879 451 1953 vi
469 1880 582 1968 stetit,
602 1904 713 1977 quam
730 1879 899 1976 opinione
916 1889 953 1954 et
975 1879 1174 1954 reverentia
1199 1905 1283 1954 suo·

229 2003 357 2084 rum²;
384 2021 503 2093 neque
520 2003 735 2071 mercaturae
758 1995 976 2084 studebant3
1004 2020 1120 2094 neque
1137 1995 1175 2069 in
1192 1997 1284 2070 mili·
1316 2091 1318 2096 Ι

229 2113 298 2187 tari
315 2111 504 2211 disciplina
527 2112 709 2186 exercitati
731 2111 902 2200 fuerunt3
931 2135 1136 2209 quanquam
1154 2137 1197 2186 ex
1213 2113 1283 2187 hac

228 2231 339 2304 etiam
354 2237 456 2327 parte
474 2231 596 2304 subito
620 2230 692 2303 fere
715 2229 856 2326 impetu
876 2229 922 2302 ad
939 2253 1040 2302 arma
1064 2254 1283 2303 concursum

229 2356 296 2434 est,
320 2347 427 2441 longe
448 2347 593 2443 lateque
617 2345 852 2419 vastabantur
869 2343 1020 2418 hostiles
1041 2345 1130 2442 agri,
1150 2351 1187 2418 et
1208 2369 1283 2422 uno

228 2463 302 2536 fere
328 2462 451 2560 praelio
478 2459 772 2536 decernebaturb.
827 2461 899 2535 Sed
923 2465 966 2534 ut
988 2462 1066 2536 haec
1089 2472 1281 2551 transeam,

228 2583 356 2655 eadem
381 2588 458 2655 erat
484 2580 701 2656 Patriarchis
727 2579 906 2677 migrandi
932 2581 1090 2667 licentia,
1114 2604 1195 2676 quae
1219 2604 1283 2653 an·

229 2698 339 2796 tiquis
371 2698 506 2772 Graecis
536 2697 600 2796 qui
631 2697 780 2794 Trojani
806 2697 892 2770 belli
925 2703 1071 2770 aetatem
1098 2695 1197 2770 haud
1231 2697 1284 2769 ita

229 2816 347 2890 multo
368 2819 684 2900 antecesserunt⁶3
712 2813 800 2886 nihil
822 2837 915 2912 opus
939 2823 1007 2900 est,
1026 2811 1182 2900 aiebant,
1201 2837 1282 2885 mu-

230 2941 294 3006 tuo
311 2932 408 3007 inter
420 2956 487 3005 nos
500 2931 663 3019 discidio,
676 2931 765 3004 satis
779 2929 957 3004 ambobus
969 2931 1047 3026 agri
1060 2928 1099 3001 in
1112 2953 1185 3026 quo
1198 2952 1282 3002 oon-

102 3091 110 3104 ·
230 3049 411 3122 sidoamus
438 3072 653 3145 camporum
676 3047 793 3145 spatia
812 3055 996 3143 praestant.
1049 3045 1180 3142 Neque
1196 3069 1283 3119 vero

229 3190 275 3239 ex
292 3163 370 3237 aliis
386 3165 495 3238 rebus
512 3165 711 3237 Abrahami
734 3159 845 3260 opes‘1
863 3165 1091 3249 constabant,
1111 3187 1222 3260 quam
1238 3187 1284 3236 ex

230 3282 360 3380 quibus
376 3282 449 3355 illae
466 3280 753 3378 Agamemnonis
771 3286 835 3352 aut
852 3278 1019 3377 Ulyssis⁰
1033 3310 1096 3354 :-

387 3451 483 3507 ΔώόειιΙ
499 3452 527 3506 ἐν
540 3449 637 3526 ἢαεῖρφ
651 3449 756 3525 ἀγέλαι,
771 3456 838 3506 τόσα
851 3451 923 3506 ardeo
936 3450 1007 3514 οἰῶν,

389 3550 482 3604 Τόααα
495 3553 566 3604 συῶν
580 3550 706 3614 συβόσια,
719 3542 779 3602 rdo’
794 3547 905 3602 αἰπόλια
918 3544 1013 3602 πλατέ’
1028 3545 1108 3618 ulpho

387 3648 520 3700 Βόσκουσι
535 3643 614 3712 ξεῖνοί
627 3666 656 3698 τι
670 3645 712 3700 καὶ
724 3643 803 3698 αὐτοῦ
816 3644 931 3714 βώτορες
944 3641 1044 3714 όνόριι.

394 3740 464 3796 Euda
478 3739 506 3796 δι’
520 3741 543 3796 τ’
556 3742 664 3797 αἰπόλια
677 3738 774 3796 athir?
795 3740 876 3814 αἷγῶν
890 3737 980 3792 ἔνδικα
991 3737 1075 3792 πάντα

386 3833 514 3906 Ἐσχατιῇ
527 3831 660 3903 βόσκοντ’,
673 3832 716 3888 hrt
729 3830 752 3888 δ’
765 3831 854 3904 όνίρες
866 3830 961 3886 ἐσθλαὶ
973 3827 1085 3901 ὄρονται.

229 4047 364 4158 ’.ῑῑῙὶιλ
407 4063 630 4125 Proleotioaem
670 4064 735 4123 rer-
776 4055 940 4120 Abrahami
973 4055 1012 4118 ad
1042 4057 1167 4118 fratrem
1193 4054 1284 4119 rerba

228 4152 368 4284 nainbm,
382 4222 441 4285 xiv,
564 4281 569 4292 ὓ
776 4145 920 4277 emitibid.
935 4215 997 4277 xiii.
1014 4233 1038 4286 2,
1050 4241 1084 4293 53
1105 4218 1183 4278 xxiv.
1197 4231 1242 4291 35·

267 4314 279 4344 ⁶
301 4304 380 4365 Ibid.
405 4302 466 4364 xiii.
491 4315 517 4376 8,
535 4301 623 4372 xxxi„
647 4297 736 4361 xx'xii.
817 4297 901 4358 Ὀιό.
915 4307 950 4360 Ξ.
968 4323 1023 4358 roo.
