3058 4908
283 349 347 413 184
432 397 436 404 .
588 331 797 408 effusorio
826 355 1028 406 ornnem.

280 535 363 584 rum
399 522 436 584 et
471 510 683 607 Specierum
722 510 870 582 nomina
903 509 1120 604 confugiunt
1153 507 1333 581 homines.

281 628 445 700 Acutum
480 635 603 700 autem
633 621 846 699 Graecorrim
880 625 1066 720 ingenium
1096 625 1220 699 statim
1254 649 1335 721 per-

281 743 412 840 spexit,
432 744 666 841 quantumin
683 741 753 815 illis
771 742 860 839 ipsis
884 741 952 815 sibi
968 742 1207 815 laborandum
1223 747 1335 827 esset,

280 861 351 933 nisi
389 859 541 934 artificio
575 860 733 956 quodam
771 860 979 932 communio
1015 860 1093 932 haec
1126 859 1186 930 vel
1217 859 1336 931 totius

190 1041 195 1048 .
283 974 423 1072 Speciei
448 976 506 1048 vel
531 976 640 1049 unius
666 974 851 1048 Individui
880 973 1029 1049 nomina
1054 976 1099 1048 ab
1125 975 1196 1047 hoc
1220 975 1268 1046 od
1293 975 1335 1046 il·

282 1093 360 1164 lum
377 1115 525 1164 sensum
540 1091 724 1165 transferri
739 1097 900 1189 possent.
946 1091 1074 1189 Itaque
1090 1090 1249 1164 Articuli
1265 1115 1336 1186 ope

283 1231 476 1281 commune
498 1231 628 1280 nomen
646 1207 711 1281 uni
736 1207 843 1280 alicui
870 1231 978 1304 quem
996 1209 1055 1279 vel
1079 1232 1124 1280 ex
1149 1207 1259 1304 priori
1276 1207 1334 1279 vel

283 1347 329 1395 ex
362 1321 501 1418 vulgari
534 1323 665 1396 notitia
698 1330 928 1419 compertum
964 1324 1101 1397 habent
1135 1324 1333 1418 assignant.

284 1436 357 1510 Sed
381 1447 419 1512 et
445 1436 647 1535 Singularia
673 1440 770 1537 opud
789 1440 936 1513 Graecos
959 1464 1044 1532 suos
1062 1439 1248 1512 Articulos
1272 1440 1335 1512 ha-

282 1557 446 1630 bont:-

440 1714 527 1786 Αὐτὰρ
540 1713 556 1765 ὁ
569 1711 629 1768 αὖτε
644 1713 741 1786 Πίλοψ
756 1714 816 1769 tux·
829 1713 919 1783 Ἀτρέϊ
929 1715 1031 1786 πσιμὲνι
1044 1719 1154 1769 λαῶν’·

443 1837 574 1906 Βέβληται
586 1835 634 1906 μὲν
645 1838 662 1890 t
674 1835 797 1905 Τυδείδης
810 1839 933 1909 κρατερὸς
947 1829 1108 1906 Διομήδηςῑ.

283 1991 352 2042 nec
368 1968 514 2066 quidem
532 1971 663 2069 dispari
686 1973 1010 2070 lege-singularia
1035 1972 1132 2046 enim
1149 1971 1337 2070 [equivoco

283 2086 413 2159 saltem
438 2087 696 2182 significatione
720 2090 848 2163 multis
873 2089 1095 2164 conveniunt
1121 2092 1179 2164 vel
1204 2113 1336 2163 conve-

284 2201 361 2274 nire
383 2204 693 2299 possunt—illum
712 2206 824 2302 igitur
840 2209 988 2281 unicum
1006 2207 1164 2280 Articuli
1188 2231 1259 2304 ope
1276 2206 1335 2279 de

283 2318 442 2414 signant,
474 2319 519 2393 de
550 2347 622 2417 quo
651 2324 710 2395 vel
737 2323 838 2420 prius
869 2347 988 2398 sermo
1018 2327 1107 2410 erat,
1137 2326 1195 2396 vel
1225 2347 1335 2421 quem

222 2519 228 2530 x
284 2435 490 2510 communis
518 2436 615 2511 fama
642 2464 718 2535 prae
747 2441 885 2514 caeteris
914 2441 1057 2517 extulit.
1115 2439 1196 2514 Pori
1225 2441 1337 2514 modo

283 2563 465 2660 Epithetis
498 2557 1033 2663 adscribitur-ovvtlrrisovoa
1057 2557 1102 2642 τὸ
1132 2557 1339 2642 ἐπιθετικὸν

281 2719 333 2791 τῳ
352 2686 465 2793 κυρῖᾥ
485 2687 640 2788 ὀνόματι
651 2705 663 2732 ⁰
676 2721 745 2768 :—

443 2860 506 2920 Αἷσα
518 2863 541 2918 δ’
556 2867 571 2918 ὁ
584 2865 664 2939 μέγας
677 2867 732 2920 αἰὲν
745 2865 789 2937 ἐφ’
799 2864 906 2938 Ἕκτορι
918 2866 1121 2936 χαλκοκορυστῇ

438 2953 500 3012 Ἰετ’
514 2959 669 3015 ἀκοντίσσαι
677 2955 697 3014 ⁴.

284 3092 374 3165 adeo
392 3101 434 3168 ut
458 3100 594 3194 possim
619 3101 804 3175 relationis
821 3100 857 3173 vi
873 3103 980 3175 rebus
1006 3101 1261 3174 communibus
1278 3101 1340 3173 de-

285 3221 431 3297 finitum
464 3250 611 3302 sensum
649 3221 970 3328 adjungat—itanu
1008 3219 1156 3326 ἄρθρων
1193 3222 1216 3320 ἡ
1250 3224 1341 3300 ἀνσ-

286 3337 568 3444 φοροίῖ-ι-Ηωσ
584 3347 696 3444 igitur
713 3349 810 3446 opud
826 3347 1093 3422 vetustissimos
1112 3346 1259 3420 Graecos
1284 3372 1342 3420 re·

284 3467 486 3564 periuntur.
538 3465 771 3540 Recentiores
804 3465 1019 3562 Philosophi
1030 3460 1049 3550 ‘‚
1086 3464 1217 3560 quibus
1252 3489 1342 3536 cum

285 3582 486 3657 Individuis
515 3583 578 3656 vix
607 3584 683 3657 ulla
709 3583 858 3658 omnino
893 3607 951 3656 res
984 3591 1052 3668 est,
1081 3581 1149 3653 toti
1184 3579 1340 3676 Speciei,

286 3706 466 3795 quatenus
492 3724 567 3773 una
594 3699 653 3786 sit,
682 3699 889 3774 Articulum
915 3698 1135 3784 adscribunt,
1164 3697 1209 3770 ad
1239 3699 1341 3770 illam

286 3819 424 3894 scilicet
452 3843 521 3892 nos
550 3819 776 3893 remittentes
802 3842 912 3916 quam
940 3818 985 3890 de
1011 3815 1138 3913 Specie
1164 3816 1342 3890 habemus

327 4034 406 4093 ¹11.
423 4047 453 4094 Β.
473 4050 536 4112 ιος.
874 4041 884 4065 ·
905 4032 1043 4113 Apollon.
1066 4033 1103 4091 do
1126 4031 1260 4112 Syntnri,
1281 4029 1304 4090 l.
1321 4032 1341 4090 i.

326 4111 339 4145 ³
358 4111 437 4171 Ibid.
453 4127 483 4172 n.
499 4113 567 4191 659.
834 4132 860 4173 c.
876 4111 904 4170 6.

326 4191 495 4267 θΑροῑῖοο.
515 4195 549 4250 σο
573 4191 708 4272 Spntari,
726 4190 746 4250 l.
771 4191 792 4252 i.
873 4187 946 4250 ‘Do
967 4189 1021 4251 Ῑιοο
1041 4189 1173 4250 Articuli
1193 4209 1250 4250 ceu
1276 4189 1344 4248 Via.

287 4289 313 4330 c.
326 4289 395 4408 ‘nst
421 4361 446 4408 11
511 4351 528 4408 8
834 4269 992 4408 Izlglopon.
1020 4270 1053 4330 in
1074 4269 1178 4339 Auel..
1202 4289 1247 4350 pr.
1273 4266 1295 4328 s.
1324 4288 1341 4348 7

396 4391 404 4408 .
448 4367 507 4426 .35
533 4395 540 4407 .
834 4367 852 4408 ο
902 4367 929 4427 ς.
