3094 4898
284 243 349 306 144
637 246 788 298 Pacato
794 249 850 298 TIO
876 249 981 297 Noas.

282 405 370 478 istas
388 430 468 501 quae
485 403 530 476 ab
549 401 700 475 Oriente
716 408 754 474 et
771 402 937 500 AEgypto
955 402 994 473 in
1012 399 1190 475 Graeciam
1209 401 1338 474 transi-

284 534 391 598 erunt
417 525 456 596 in
474 523 574 596 omni
591 523 667 596 vita
691 522 935 619 provectiores
962 521 1072 595 fuisse
1090 547 1200 619 quam
1225 521 1251 595 ii
1277 521 1342 618 qui

284 639 321 712 in
356 641 427 714 illis
460 639 667 734 regiombus
702 639 809 735 primi
842 639 1066 724 insederunt,
1098 645 1136 711 et
1169 639 1248 735 ipsa
1281 637 1344 709 illa

284 765 455 830 constans
493 758 590 830 fama
628 757 763 830 indicio
796 763 852 830 est
887 756 1097 831 Graecorum
1139 757 1345 830 doctrinam

284 898 359 947 non
393 875 486 947 male
516 875 563 947 ad
595 874 685 946 istos
720 873 891 946 authores
921 883 959 946 et
992 874 1039 946 ad
1072 873 1143 946 ista
1175 881 1344 970 tempora

284 989 407 1064 referri
432 1015 560 1088 posse;
587 992 650 1063 sed
669 1015 834 1087 quaenam
858 990 966 1064 suerit
991 997 1094 1064 tanta
1118 991 1180 1062 illa
1199 991 1344 1086 AEgyp·

285 1110 421 1183 tiorum
456 1105 620 1182 doctrina
654 1108 811 1181 dubitari
851 1119 983 1205 potest.
1046 1107 1131 1181 Non
1165 1107 1260 1180 enim
1296 1133 1342 1181 ex

285 1227 390 1300 litera
418 1224 695 1322 interpretandae
725 1235 813 1298 sunt
841 1225 941 1298 rudis
971 1235 1008 1298 et
1041 1225 1196 1298 indoctae
1225 1224 1343 1297 aetatis

285 1367 393 1416 voces
419 1364 501 1439 quae
530 1365 604 1414 rem
631 1366 765 1415 novam
790 1344 1003 1438 plerumque
1028 1367 1101 1438 prae
1128 1348 1278 1438 stupore
1304 1343 1343 1414 in

287 1459 404 1556 majus
430 1459 556 1547 effert;
584 1460 646 1532 sed
672 1459 751 1532 haec
777 1459 900 1532 omnia
922 1484 988 1555 pro
1013 1459 1239 1556 temporibus
1267 1459 1343 1532 suis

286 1575 493 1672 accipienda
518 1585 667 1649 suntet
694 1576 933 1671 dijudicanda.
987 1575 1221 1650 Astronomia
1245 1577 1342 1648 enim

286 1703 323 1764 et
351 1691 560 1766 Geometria
586 1717 654 1791 pro
682 1717 805 1766 rerum
835 1699 946 1780 statu,
973 1717 1039 1790 pro
1066 1692 1256 1766 hominum
1286 1692 1343 1765 in·

286 1807 401 1904 geniis
426 1819 463 1883 et
489 1810 665 1896 doctrina,
692 1809 763 1882 alio
792 1816 902 1907 atque
927 1809 998 1883 alio
1028 1834 1138 1883 sensu
1164 1834 1343 1906 usurpan-

286 1932 349 1999 tur
361 1957 371 2012 ;
402 1949 521 2024 neque
548 1927 666 2022 primo
691 1928 954 2000 vocabulorum
981 1951 1050 2000 usu
1076 1951 1203 2000 earum
1228 1928 1345 2000 altera

287 2049 407 2115 totum
450 2066 572 2115 rerum
611 2042 818 2117 coelestium
855 2043 1035 2118 ambitum
1076 2043 1343 2140 complecteba-

288 2169 361 2246 tur,
391 2183 507 2255 neque
538 2160 650 2232 altera
680 2183 806 2232 omnes
838 2170 1023 2258 quotquot
1047 2166 1136 2234 sunt
1162 2159 1343 2254 magnitu-

288 2276 382 2348 dinis
399 2276 550 2350 affectus
565 2309 575 2365 ;
603 2300 683 2374 quae
701 2278 732 2350 si
748 2277 993 2350 intellexerint
1017 2278 1200 2364 authores,
1225 2276 1347 2350 minor

288 2392 440 2467 sortasse
467 2393 615 2467 relictus
648 2394 741 2468 foret
771 2395 960 2468 dubitandi
988 2397 1102 2468 loeus,
1173 2394 1283 2477 Quod
1313 2395 1346 2466 si

287 2507 457 2599 Thalesl,
483 2511 589 2585 Plato
599 2518 622 2599 ⁰,
648 2509 912 2608 Pythagoras⁶‚
938 2519 976 2586 et
1001 2511 1201 2606 Eudoxus‘
1216 2511 1346 2584 Astro-

289 2627 448 2700 nomiam
465 2636 503 2701 et
521 2626 765 2701 Geometriam
791 2652 895 2701 suam
913 2628 958 2701 ab
975 2628 1140 2724 AEgypto
1157 2634 1347 2700 mutuasse

290 2745 470 2833 dicuntur,
482 2753 518 2817 et
531 2744 791 2842 AEgyptiorum
811 2746 1036 2819 sacerdotum
1051 2745 1217 2840 discipuli
1233 2743 1347 2818 fuisse

289 2861 525 2959 perhibentur
535 2859 555 2950 ¹,
575 2887 655 2960 quae
680 2868 803 2935 tamen
828 2864 874 2936 ab
899 2862 969 2935 illis
996 2861 1185 2936 didicerint
1211 2861 1349 2935 frustra

289 2977 478 3074 exquiras;
514 2979 645 3075 quibus
680 2979 868 3076 praeceptis
908 2979 1040 3052 imbuti
1080 2978 1225 3064 suerint,
1263 3003 1346 3074 quae

288 3093 541 3179 Theoremuta,
576 3120 687 3192 quam
721 3095 961 3169 Scientiarum
1001 3095 1179 3168 rationem
1210 3094 1248 3166 in
1283 3119 1349 3191 pa-

289 3205 398 3279 triam
429 3231 535 3280 suam
568 3209 771 3298 retulerint,
801 3233 979 3307 nusquam
1015 3219 1247 3282 memoratur.
1303 3207 1349 3280 In

291 3324 496 3420 AEgyptum
517 3324 772 3420 commigrasse
797 3350 871 3399 non
894 3333 951 3400 est
975 3326 1073 3422 quod
1092 3325 1242 3412 mireris,
1260 3349 1348 3398 cum

291 3440 353 3514 illa
370 3445 469 3514 certe
485 3439 586 3536 regio
603 3445 640 3512 et
657 3441 874 3536 antiquitate
892 3464 957 3513 sua
983 3447 1021 3513 et
1037 3441 1189 3536 legibue,
1207 3445 1245 3511 et
1262 3439 1349 3511 vitoe

331 3717 346 3758 Β
366 3719 454 3799 Diop-
467 3717 565 3778 Lcert.
576 3718 608 3776 in
623 3718 681 3778 Vct.
700 3719 799 3788 lbet,-
840 3721 930 3780 Diod.
947 3721 1014 3790 sto..
1031 3720 1050 3780 l.
1071 3740 1093 3778 r.
1110 3740 1134 3780 c.
1150 3722 1205 3802 963
1233 3718 1343 3790 strat,

292 3799 418 3860 Proetus
431 3801 465 3858 in
479 3797 608 3869 Euolat,
623 3799 641 3856 l.
654 3817 679 3859 2.
840 3799 858 3858 l.
879 3817 922 3878 ¹7·
939 3819 965 3878 p.
986 3819 1016 3858 ιι
1025 3818 1070 3876 59.

332 3889 345 3917 ⁰
364 3880 451 3958 Diop.
466 3879 566 3938 Laert.
583 3880 615 3938 in
629 3877 687 3939 Vir.
701 3879 799 3948 Plut.;
880 3877 891 3918 ¹
909 3881 1060 3938 Isocrates
1078 3877 1110 3936 in
1129 3877 1194 3956 ipso
1212 3875 1263 3935 illo
1282 3875 1348 3937 loeo

293 3957 383 4018 Diod.
400 3959 473 4027 Sia,
486 3958 505 4018 l.
526 3978 548 4016 r.
565 3977 589 4018 e.
606 3959 652 4034 9⁶.
842 3957 894 4018 ubi
911 3959 1096 4037 Pythagoras
1116 3957 1153 4016 ab
1166 3955 1301 4035 AEgypto
1315 3957 1349 4016 in

333 4036 799 4117 ⁴Dicp.Loert.r'nVr't.Pytlup.;
841 4038 981 4098 Graeciam
1004 4035 1220 4117 philosophiam
1242 4035 1348 4094 invex-

295 4115 421 4176 Proclua
434 4118 467 4176 in
481 4118 610 4188 Euclid„
621 4116 639 4176 1.
650 4137 688 4186 ²5
711 4117 797 4176 Diod.
841 4117 901 4178 isse
919 4118 970 4190 ait,
992 4123 1024 4176 at
1044 4136 1112 4176 eum
1134 4115 1283 4195 praecipue
1305 4135 1349 4174 ne

295 4195 366 4262 Sia,
380 4193 397 4253 l.
418 4214 440 4254 r.
456 4215 479 4255 e.
496 4199 542 4273 96.
842 4211 975 4276 portasse
995 4195 1040 4255 rei
1054 4214 1145 4255 suerro
1165 4193 1349 4255 ceremonias

334 4283 347 4313 ⁸
367 4275 433 4334 Son.
452 4275 555 4349 Queat
569 4275 679 4346 Nam.
695 4299 716 4350 7.
730 4297 752 4336 c.
766 4296 802 4350 3:
842 4279 965 4335 fatetur.
1001 4273 1039 4335 In
1053 4275 1156 4334 Burir.
1172 4273 1264 4334 Laud
