3094 4898
570 308 784 356 rnnnnorro
806 309 931 358 curru.
1217 290 1280 356 105

221 473 380 546 adeum
411 495 533 543 rerum
560 476 698 544 statum
725 471 764 543 in
794 496 867 569 quo
897 472 1007 546 animi
1037 472 1131 547 vires
1161 499 1278 572 neque

219 576 407 662 intentatae
435 587 663 676 delitescunt,
695 613 812 686 neque
842 595 919 663 arte
946 600 983 663 et
1015 593 1278 665 consuetudine

220 706 437 778 obruuntur.
489 703 666 800 Exquiret
689 714 812 778 autem
835 705 1066 802 potissimum
1086 731 1171 779 eum
1188 718 1277 780 tem·

219 821 318 917 poris
336 821 543 906 articulum,
561 821 599 894 in
618 846 690 917 quo
714 823 912 918 perspectis
932 822 1009 919 jorn
1026 829 1064 896 et
1081 824 1151 897 rite
1173 824 1277 898 intel·

219 938 321 1012 lectis
338 938 382 1011 iis
396 963 476 1034 quae
493 963 538 1010 ex
556 938 816 1011 communitate
826 937 910 1012 vitae
927 939 1096 1013 oriuntur
1106 941 1275 1029 vinealia,

128 1039 131 1044 ⁶
220 1056 336 1128 effuso
354 1061 391 1128 et
409 1055 529 1130 soluto
547 1079 657 1128 cursu
675 1055 719 1127 ad
741 1057 931 1128 ulteriores
956 1081 1170 1153 progressus
1187 1059 1277 1131 abri-

220 1171 320 1268 pitur
337 1195 439 1244 mens
452 1169 623 1256 humana,
639 1170 677 1241 in
692 1193 763 1266 quo
780 1194 855 1242 non
867 1170 945 1267 jam
963 1195 1008 1244 ex
1025 1196 1126 1245 mero
1143 1175 1277 1246 affectu

219 1294 258 1360 et
274 1275 394 1360 subita
411 1287 557 1360 libidine
578 1295 692 1381 agunt
713 1286 891 1374 homines,
910 1287 974 1360 sed
997 1313 1191 1384 personam
1211 1290 1276 1362 ha-

218 1400 299 1472 bitu
317 1406 354 1472 et
378 1397 516 1471 ratione
542 1399 782 1495 compositam
807 1407 950 1493 gerunt.
1002 1400 1142 1473 Eodem
1166 1400 1277 1474 etiam

220 1515 403 1611 confugiet
419 1514 654 1611 Philosophia
671 1514 812 1600 Ethica,
833 1514 864 1587 si
887 1516 997 1588 modo
1024 1540 1067 1588 ea
1091 1519 1277 1613 explorare

219 1633 317 1720 velit,
346 1657 426 1729 quae
454 1655 530 1704 non
558 1631 708 1727 singulis
736 1630 904 1726 gentibus
935 1632 995 1704 sed
1027 1633 1188 1706 humano
1215 1658 1275 1729 ge·

218 1749 296 1820 neri
330 1749 477 1844 propria
506 1755 605 1820 suut.
665 1746 793 1844 Neque
823 1747 936 1821 deerit
968 1771 1205 1843 personarum
1239 1756 1277 1822 et

218 1889 365 1937 morum
384 1863 572 1936 diversitas
590 1870 628 1937 et
645 1869 742 1936 notae
762 1863 917 1958 majores
944 1864 1120 1959 quaedam,
1143 1869 1165 1968 ’ξ
1180 1865 1295 1938 sicut·

217 1979 417 2052 indomitus
444 2004 529 2075 ager
555 1979 665 2052 habet
694 1979 824 2052 herbas
852 1980 1028 2076 quasdam
1055 1980 1274 2054 laetioreslss’

218 2095 321 2181 Quin
338 2106 376 2170 et
393 2096 556 2169 Historia
581 2105 619 2170 et
645 2094 941 2192 gravissimorum
967 2098 1165 2170 authorum
1191 2122 1277 2171 con·

217 2235 346 2284 sensus
373 2210 459 2284 huie
487 2213 539 2284 rei
566 2212 677 2285 fidem
704 2212 872 2299 adstruit,
900 2236 980 2306 quae
1008 2213 1105 2284 enirn
1135 2214 1181 2286 ad
1208 2237 1275 2287 nos

216 2333 460 2424 pervenerunt
485 2327 642 2424 antiquae
671 2352 822 2424 poeseos
848 2327 1063 2424 fragmenta,
1089 2338 1274 2425 utcunque

156 2453 162 2462 '
215 2447 291 2518 sint
324 2445 425 2518 rudis
463 2453 500 2517 et
536 2445 730 2540 incomptae
765 2443 892 2530 Musa,
928 2445 1272 2540 magniloquentiam

215 2565 340 2631 tamen
357 2564 395 2630 et
412 2564 657 2653 conceptuum
681 2555 941 2630 sublimitatem
966 2557 1181 2652 plerumque
1197 2583 1272 2654 prae

215 2700 253 2749 se
287 2677 418 2749 ferunt.
473 2674 675 2749 Vetustiori
710 2663 806 2748 certe
840 2677 1053 2746 Graecorum
1085 2673 1197 2769 poesi,
1234 2683 1272 2748 et

215 2793 286 2866 illis
314 2817 394 2890 quae
423 2792 462 2864 in
496 2791 777 2888 Septentrionali
807 2789 956 2884 Europa
983 2794 1089 2860 tanto
1120 2812 1271 2861 suorum

216 2909 338 2982 studio
359 2915 397 2981 et
424 2909 562 2981 honore
589 2907 848 2980 increbuerunt
873 2902 1103 2991 carminibus,
1130 2905 1271 2998 optimo

210 3026 292 3122 jure
309 3027 386 3098 haeo
399 3026 478 3098 laus
492 3023 687 3096 tribuenda
700 3028 765 3095 est.
796 3021 893 3094 Illud
907 3020 1016 3093 etiam
1030 3019 1139 3092 Ennii
1155 3019 1271 3094 invito

215 3143 381 3236 quamvis
399 3147 546 3214 auctore
562 3140 601 3212 in
619 3140 684 3212 has
702 3148 821 3234 partes
840 3138 981 3211 trahere
998 3139 1087 3211 libet
1100 3168 1161 3210 :-

652 3334 694 3346 -
709 3307 726 3333 ‘⁶
739 3301 892 3379 Scripsere
907 3299 957 3359 alii
970 3319 1033 3360 rem

293 3395 448 3470 Versibus,
464 3417 539 3474 quos
551 3397 622 3456 olim
636 3395 735 3456 Fauni
749 3395 902 3474 Vatesque
916 3395 1071 3466 cauebant,

297 3496 398 3571 Quum
411 3515 509 3574 neque
523 3495 682 3556 Musarum
696 3493 834 3572 scopulos
848 3492 1003 3572 quisquam
1017 3496 1179 3570 superarat,

293 3595 360 3653 Nec
373 3591 445 3652 dicti
459 3590 612 3651 studiosus
623 3595 704 3650 erat*
716 3589 788 3648 :”-·

214 3756 253 3824 et
294 3747 408 3846 ipsius
438 3747 548 3821 Ennii
576 3748 738 3843 reliquiae
771 3745 928 3840 exempli
957 3745 1037 3816 loco
1071 3743 1132 3816 hic
1166 3743 1269 3815 citari

213 3873 375 3964 possent.

265 3989 360 4063 Sunt
385 3989 496 4086 igitur
512 3989 591 4061 haec
609 3994 649 4061 ut
675 3987 750 4060 dixi
775 3985 939 4058 Homero
956 4008 1040 4056 curn
1066 3981 1144 4054 aliis
1171 4006 1268 4055 com-

250 4188 422 4268 maloque
452 4187 486 4246 de
518 4187 620 4246 Corsis
649 4189 718 4246 Cor·
800 4181 1035 4262 'Enniuscrprrd
1046 4180 1269 4251 Cic.r'nBruto,

210 4277 308 4348 ruptor
320 4267 512 4347 Eloquentia,
527 4286 552 4326 c.
568 4293 609 4342 40.
761 4284 786 4324 e.
805 4275 844 4338 ιε,
859 4263 911 4322 Sto.
