3058 4902
293 304 359 368 308
552 315 767 365 annuento
785 315 1090 366 usurus-omnm.

296 469 530 567 quam-imo
550 471 584 542 ei
604 469 725 544 minus
742 470 925 545 studuisse
944 469 1234 567 Shakespearum
1253 475 1353 550 dole

296 611 391 658 mus.
445 585 503 659 Ita
529 587 626 658 enim
653 587 731 682 ejus
758 587 892 682 ingenii
920 611 1051 660 renam
1081 588 1232 662 divitem
1259 602 1355 665 tem·

296 701 493 798 paravisset
527 701 630 776 Ordo
664 707 702 774 et
734 701 919 776 venustas
956 713 993 776 et
1026 703 1052 775 J
1055 703 1224 778 odicium.
1292 706 1354 780 Ita

296 818 428 891 natlvae
445 819 523 914 ejus
546 819 648 892 dotes
674 818 878 914 conjunctis
896 819 1032 892 viribus
1058 822 1192 894 certius
1218 833 1254 896 et
1280 823 1353 897 sor-

295 933 371 1006 tius
388 957 540 1029 scopum
557 957 665 1006 suum
682 933 899 1028 attigissent,
914 956 1004 1029 quas
1022 943 1155 1020 tamen,
1175 936 1250 1008 siut
1266 937 1355 1010 lieet

297 1047 483 1122 indomitae
516 1060 553 1124 et
587 1050 709 1122 miuus
743 1049 921 1146 expolita,
957 1073 1103 1123 omnem
1137 1075 1354 1147 exsuperare

298 1165 384 1238 artis
410 1167 547 1240 cultum
565 1166 742 1238 affirmare
769 1191 844 1239 nou
869 1165 1122 1239 dubitaverim.
1175 1167 1233 1240 Ita
1256 1168 1296 1240 in
1313 1193 1354 1242 se

297 1282 455 1378 perfecta
473 1289 510 1354 et
530 1281 605 1356 suis
630 1283 791 1355 numeris
817 1283 984 1356 absoluta
1008 1283 1054 1355 od
1071 1306 1257 1356 summum
1273 1309 1353 1380 gra-

299 1400 385 1471 dum
416 1405 541 1472 evecta
570 1408 665 1472 esset
695 1399 773 1494 ejus
808 1398 1022 1471 excellentia
1050 1405 1089 1471 et
1120 1398 1353 1474 Homericam

298 1515 531 1613 adaequasset.
585 1515 696 1600 Quod
726 1515 757 1588 si
782 1514 887 1588 illum
915 1514 1045 1588 dixerit
1073 1516 1154 1611 quis
1182 1517 1220 1590 iu
1249 1528 1355 1614 parte

298 1643 337 1705 et
353 1633 392 1705 iu
408 1631 567 1706 inferiori
584 1631 740 1706 Poeseos
758 1637 860 1729 parte
878 1655 1025 1727 operam
1043 1656 1189 1727 ponere,
1202 1640 1242 1705 at
1259 1635 1356 1708 inter

298 1748 392 1821 hano
412 1755 449 1820 et
465 1757 626 1836 caeteras,
645 1754 811 1820 ornatam
829 1747 964 1820 seilicet
981 1747 1173 1820 dictionem
1191 1759 1256 1822 aut
1273 1775 1355 1822 sen-

299 1865 494 1938 teutiarum
510 1865 681 1961 argutias,
700 1866 850 1960 longum
868 1876 925 1937 est
942 1865 1185 1953 intervallum,
1201 1865 1257 1938 bre
1273 1867 1355 1939 vili·

298 2005 378 2054 ores
403 1993 489 2055 sunt
507 2007 617 2078 quam
641 1983 681 2054 in
703 1981 835 2079 quibus
858 1982 1084 2054 elaborandis
1105 2006 1260 2078 mugnus
1278 1984 1355 2056 aui-

299 2121 380 2170 mus
398 2101 566 2194 occupari
592 2099 727 2195 possit:
771 2098 948 2195 siquidem
967 2098 1079 2194 igitur
1103 2097 1142 2171 in
1158 2109 1261 2196 parte
1286 2101 1354 2172 im·

300 2221 463 2287 moratus
480 2216 599 2302 fuerit,
619 2227 657 2289 at
679 2215 717 2287 in
734 2216 796 2288 illa
813 2239 893 2310 quae
911 2215 1171 2311 praestantioris
1188 2229 1245 2289 est
1263 2241 1354 2291 usus

297 2337 335 2404 et
352 2332 643 2426 pulchritudinis.

349 2447 421 2521 Sed
438 2448 514 2521 baeo
539 2473 582 2521 eo
605 2473 721 2546 usqua
746 2455 961 2546 prosecutus
978 2473 1073 2534 sum,
1093 2454 1136 2522 ut
1161 2450 1353 2524 ostendam

298 2591 407 2663 quam
433 2566 608 2640 rationem
633 2567 729 2640 inter
754 2591 793 2640 se
822 2567 977 2640 habeant
1003 2565 1139 2639 Fabula
1166 2574 1204 2639 et
1227 2566 1354 2642 Mores

297 2692 472 2781 tauquam
488 2686 569 2758 duaa
586 2684 759 2780 primores
776 2683 931 2760 Poeseos
949 2695 1093 2781 partes3
1121 2683 1207 2780 quid
1228 2710 1293 2782 per
1315 2711 1355 2760 se

298 2801 452 2886 valeant,
470 2810 508 2873 et
525 2825 597 2897 quo
615 2801 725 2873 modo
746 2807 918 2874 mutuum
942 2799 1008 2874 sibi
1026 2800 1204 2874 auxilium
1222 2801 1353 2890 serant,

298 2925 337 2996 et
352 2924 396 2989 ut
413 2918 556 3013 utrique
582 2941 689 2990 suum
714 2918 835 2991 locum
858 2922 897 2989 et
913 2942 1020 2990 usum
1044 2915 1244 3012 adsignem.
1298 2919 1357 2994 Sit

297 3035 421 3130 itaque
442 3033 579 3106 Fabula
604 3034 780 3130 dignitate
803 3041 840 3108 et
869 3033 1117 3128 magnitudine
1144 3034 1268 3128 prior;
1299 3045 1356 3110 at·

298 3151 360 3245 qui
390 3151 480 3222 illud
507 3152 615 3224 etiam
646 3161 830 3249 comparet
864 3175 1012 3223 ornnem
1041 3174 1148 3223 suurn
1178 3175 1287 3224 usum
1318 3165 1356 3227 et

298 3265 607 3363 pulchritudinem
623 3277 661 3340 et
687 3267 861 3362 fulgorem
881 3268 927 3339 ab
950 3291 994 3340 ea
1010 3289 1122 3363 quam
1147 3290 1230 3339 eum
1248 3269 1355 3342 mori-

298 3385 367 3456 bus
394 3381 462 3455 iuit
489 3383 661 3456 societate
686 3383 850 3480 accipere
862 3413 872 3469 ;
904 3407 984 3478 quae
1010 3381 1132 3478 itaque
1158 3406 1242 3478 pars
1268 3407 1357 3458 eum

298 3500 495 3572 secundum
515 3500 635 3572 locum
651 3507 808 3596 occupat
824 3499 928 3571 alteri
942 3497 1002 3570 rix
1020 3499 1139 3586 eedit3
1163 3499 1359 3596 proprium

298 3617 453 3712 denique
487 3615 703 3689 sublimioris
744 3639 895 3713 poeseos
928 3615 1134 3710 subjectum
1174 3621 1359 3692 moratam

298 3759 378 3808 esse
411 3734 616 3806 Actionem.
680 3731 729 3805 Et
762 3732 1035 3806 meminerimus
1073 3731 1166 3805 bano
1200 3731 1358 3810 Homeri

298 3876 420 3924 veram
437 3874 515 3923 esse
533 3850 690 3936 laudem,
709 3849 747 3922 in
763 3850 886 3923 sabula
909 3851 1053 3944 integra
1069 3857 1107 3920 et
1124 3850 1170 3922 ad
1188 3875 1359 3926 severam

217 3996 221 4006 ·
298 3968 384 4043 artis
408 3991 571 4041 normam
594 3967 795 4064 composita
820 3977 958 4040 tantam
982 3991 1219 4063 personarum
1238 3969 1359 4042 varie·

297 4095 411 4161 tatem
429 4099 465 4160 et
482 4100 556 4161 tam
580 4087 740 4183 amplam
758 4086 840 4159 vitae
865 4096 975 4183 atque
999 4110 1141 4159 momm
1165 4086 1359 4164 scientiam

298 4205 502 4280 intexuisse.
554 4206 607 4278 At
623 4204 796 4300 Virgilius
822 4203 860 4274 in
882 4227 955 4276 una
981 4227 1136 4299 persona
1160 4211 1262 4276 totus
1282 4213 1358 4292 est,

298 4329 336 4392 et
358 4323 435 4414 ipse
453 4321 562 4394 etiarn
583 4321 706 4392 “Pius
724 4321 863 4392 AEneas
879 4322 899 4351 '⁵
921 4325 978 4408 (ut
1004 4318 1118 4416 ipsius
1135 4319 1254 4394 verbis
1270 4329 1362 4396 utar
