3058 4902
467 305 1023 376 rannnurro'nncrrrA-snrrrnr.
1202 315 1264 376 295

214 471 301 546 alias
329 484 450 570 partes
480 474 646 548 habuerit
673 501 762 572 quas
797 475 865 549 sibi
900 474 1116 548 adscisceret
1147 497 1264 568 neque

213 587 310 662 aliud
336 589 599 664 incrementum
618 591 821 687 excogitare
846 588 1018 688 potuerit,
1037 613 1143 687 quam
1164 587 1264 661 utin

214 728 360 778 scenam
381 731 455 778 rem
473 707 658 803 proferret,
677 714 714 780 et
737 708 979 780 narrationem
997 705 1148 802 Epicam
1165 730 1264 801 pror-

215 845 277 894 sus
296 823 496 896 desereret:
526 823 558 896 si
578 822 672 896 intra
694 824 839 897 brevius
861 825 1017 920 spatium
1043 846 1135 918 opus
1155 846 1265 894 suum

214 939 443 1027 concluserit,
462 940 492 1012 si
516 939 629 1036 magis
649 940 812 1014 subitum
835 964 955 1012 rerum
980 963 1129 1012 cursum
1150 945 1264 1010 tenta·

213 1054 308 1125 verit
327 1062 364 1127 et
381 1055 539 1129 fabulam
558 1057 734 1130 curiosius
751 1056 965 1142 involutam,
983 1056 1061 1128 haec
1079 1061 1200 1127 tamen
1220 1077 1262 1127 ex

214 1165 276 1242 illa
293 1170 494 1244 differentis
511 1172 631 1246 statim
651 1173 850 1268 profluunt.

266 1283 405 1382 Itaque,
425 1293 467 1360 ut
483 1312 610 1361 verum
630 1291 830 1384 loquamur,
849 1301 886 1360 et
909 1288 1056 1384 propria
1078 1286 1210 1358 mentis
1227 1286 1264 1357 vi
1368 1339 1374 1345 -

214 1400 416 1496 exploravit
439 1413 475 1476 et
501 1404 624 1477 docuit
646 1429 713 1477 nos
735 1403 920 1477 Homerus
943 1393 1108 1500 quaenam
1130 1400 1263 1473 fuerint

213 1514 251 1586 in
277 1517 355 1589 vita
385 1518 544 1596 humana
571 1545 691 1594 rerum
712 1518 976 1593 vicissitudines
1005 1541 1084 1614 qnae
1112 1515 1263 1589 admira-

213 1633 314 1706 tione
335 1632 579 1709 misericordia
596 1648 632 1710 et
653 1635 790 1709 caeteris
814 1635 1001 1708 affectibus
1019 1659 1085 1706 nos
1103 1657 1262 1706 commo-

212 1759 338 1823 verent
358 1760 395 1824 et
416 1753 547 1825 homm
570 1754 768 1826 affectuum
791 1777 859 1848 ope
881 1752 1043 1825 animum
1064 1750 1142 1846 jam
1166 1774 1261 1822 com-

214 1877 356 1940 motum
379 1869 564 1942 erudirent
580 1878 618 1943 et
638 1870 867 1965 castigarent.
921 1867 1049 1964 Itaque
1069 1866 1208 1963 aperuit
1226 1873 1263 1938 et

213 1981 252 2054 in
281 1985 440 2058 medium
469 1986 620 2083 protulit
649 2011 798 2059 arcanos
826 1992 948 2058 motus
983 2009 1028 2056 ex
1060 1985 1191 2081 quibus
1224 1982 1262 2054 in

213 2102 397 2174 meliorem
415 2108 453 2174 et
470 2103 732 2198 generosiorem
750 2105 947 2177 affectuum
960 2103 1125 2176 habitum
1142 2101 1263 2196 effingi

213 2226 251 2290 et
267 2219 415 2314 perduci
431 2244 632 2317 possemus.
685 2223 741 2294 Ao
758 2231 853 2295 certe
871 2222 959 2293 dum
976 2221 1084 2292 hasce
1100 2217 1264 2291 Homero

212 2334 337 2407 laudes
364 2335 485 2409 tribuo
512 2337 612 2410 nulla
638 2361 684 2409 ex
710 2347 813 2434 parte
840 2337 936 2409 ultra
963 2360 1090 2408 verum
1118 2348 1155 2407 et
1183 2360 1263 2430 pro-

213 2449 334 2546 prium
361 2453 565 2547 argumenti
600 2453 714 2525 nostri
746 2477 893 2526 cursum
927 2450 1070 2546 evagari
1097 2450 1184 2521 mihi
1207 2453 1261 2523 vi·
1290 2507 1294 2515 .

213 2567 310 2640 deor.

267 2683 430 2757 Tandem
464 2687 575 2781 igitur
614 2693 731 2759 totam
773 2686 944 2759 Fabulam
979 2691 1017 2757 et
1052 2683 1185 2756 Iliados
1226 2698 1263 2756 et

214 2798 384 2898 Odysseae
401 2811 438 2875 et
455 2802 666 2897 insigniores
688 2803 862 2876 utriusvis
889 2809 1008 2898 partes
1025 2800 1262 2875 excussimus.

213 2917 339 2990 Partes
360 2919 478 2991 adhuc
503 2921 661 2993 minores
685 2943 765 3017 quae
786 2945 831 2992 ex
857 2943 931 2992 una
956 2924 1020 2990 aut
1046 2918 1158 2990 altera
1183 2939 1264 2988 sen-

213 3035 329 3106 tentia
351 3042 520 3108 constant
541 3037 706 3109 evolvere
729 3041 766 3108 et
788 3021 938 3130 longum
962 3035 1055 3108 soret
1078 3040 1116 3106 et
1139 3057 1262 3128 super·

213 3174 413 3223 vacaneum
427 3180 435 3222 ε
455 3150 525 3224 illae
535 3153 645 3224 etiam
659 3151 820 3248 ejusdem
831 3161 917 3224 sunt
930 3151 1068 3246 generis
1082 3182 1091 3224 ι
1111 3150 1264 3224 sufficiat

213 3278 359 3339 notasse
388 3267 498 3341 etiam
527 3267 634 3341 hasce
665 3269 811 3341 fabellas
838 3293 913 3341 non
940 3293 1074 3364 paucas
1105 3293 1149 3340 ex
1177 3293 1263 3340 vera

212 3382 362 3456 historia
391 3384 545 3457 derivari
575 3409 692 3482 posse,
721 3385 840 3458 minus
870 3392 993 3457 autem
1021 3408 1118 3456 nunc
1145 3385 1263 3455 valere

212 3525 299 3574 cum
327 3501 485 3575 historiae
511 3499 616 3574 istius
642 3501 817 3574 memoria
842 3525 886 3572 ex
914 3500 1042 3572 animis
1071 3500 1261 3572 hominnm

212 3616 396 3690 exciderit.
445 3618 565 3715 Atque
581 3617 667 3689 huic
684 3615 880 3712 suspicioni
898 3640 982 3688 cum
999 3615 1108 3687 fidem
1127 3615 1262 3687 faciunt

211 3729 280 3802 alia
296 3730 388 3803 bene
405 3731 532 3817 multa,
545 3730 712 3825 exemplo
730 3729 776 3801 sit
794 3729 884 3800 illud
901 3726 1000 3824 quod
1017 3727 1061 3798 de
1077 3725 1263 3797 Antilochi

211 3853 329 3918 morte
346 3847 446 3942 apud
463 3845 659 3918 Pindarum
677 3852 992 3931 commemoratur,
1013 3848 1191 3940 quatenus
1209 3842 1260 3914 in·

212 3986 322 4059 quam
343 3961 510 4034 Nestoris
532 3961 577 4034 de
594 3961 791 4034 Antilocho
816 3986 882 4034 suo
903 3960 1020 4032 verbis
1043 3959 1117 4030 vim
1142 3962 1180 4028 et
1205 3958 1261 4029 lu·

212 4101 288 4150 cem
315 4079 452 4151 afferat.
506 4077 672 4152 Nestoris
695 4077 804 4149 verba
831 4087 917 4149 sunt
943 4076 1040 4172 apud
1062 4073 1262 4146 Homerum

212 4193 327 4266 filium
345 4195 440 4267 inter
457 4206 605 4268 caeteros
624 4194 686 4292 qui
711 4194 755 4266 ad
773 4193 919 4288 Trojam
939 4191 1187 4265 occubuerunt
1204 4190 1261 4263 de-

210 4311 387 4406 plorantis
401 4343 462 4383 :-
