3058 4902
264 347 330 410 366
499 356 711 405 ruzenorum
742 357 1098 408 VIOESJMA-SEOCA'DA.

263 515 420 580 remotas
434 507 497 580 sed
511 531 577 604 pro
595 513 694 580 statu
712 518 748 581 et
766 514 873 582 aetate
894 533 961 582 sua
979 510 1071 584 inter
1089 537 1127 584 se
1147 512 1324 590 diversas.

265 630 393 703 Servat
426 631 465 704 in
494 632 663 704 omnibus
693 639 802 729 poeta
831 635 928 730 quod
958 636 1214 711 Andromache
1245 665 1325 712 snae

265 748 426 844 praeeipit
446 747 661 822 Hector:-

445 953 448 960 Δ
661 907 700 914 -
714 880 745 931 τὸ
760 879 857 946 σαυτῆς
869 878 934 948 ἔργα
948 880 1035 946 κόμιζε

420 970 508 1025 Ἰοτὸν
521 971 544 1025 r'
557 969 688 1042 ἠλακάτην
701 995 739 1038 τε,
755 976 797 1028 roi
810 974 991 1044 ἀμφιπόλοισι
1004 977 1096 1030 κέλευε

417 1067 521 1140 Ἔργον
532 1067 692 1140 ἐποίχεσθαι
701 1063 722 1122 ⁶.

314 1193 426 1267 Porro
453 1194 608 1267 fortunae
637 1204 675 1266 et
710 1194 793 1268 vitae
821 1197 955 1290 gindus
991 1199 1070 1293 pari
1105 1199 1215 1272 modo
1249 1201 1319 1273 hu·

265 1335 392 1384 manos
420 1336 537 1383 mores
567 1319 698 1406 regunt
729 1317 767 1384 et
792 1312 1051 1407 distinguunt;
1087 1315 1218 1411 quibus
1245 1317 1320 1389 dis-

264 1428 456 1524 crepentiis
480 1429 613 1524 pariter
636 1429 822 1502 consuluit
841 1429 1037 1502 Homerus
1091 1431 1214 1527 Regiae
1232 1458 1320 1506 con-

264 1541 411 1616 ditionis
428 1568 550 1616 veram
569 1543 739 1629 indolem,
759 1544 821 1616 sed
841 1543 974 1640 dispari
994 1545 1113 1632 modo,
1132 1557 1264 1640 gerunt
1281 1559 1321 1620 et

265 1659 450 1754 Sarpedon
476 1670 512 1733 et
539 1661 804 1754 Agamemnon.
858 1647 1054 1733 Diomedes
1078 1675 1117 1734 et
1142 1663 1317 1748 Achilles,

263 1776 321 1846 vel
345 1779 454 1848 etiam
476 1777 660 1849 Antinous
686 1782 724 1848 et
744 1778 1009 1872 Eurymachus,
1029 1777 1173 1850 diverse
1198 1779 1320 1852 indole

262 1893 550 1989 conspiciuntur,
568 1895 632 1967 sed
649 1893 849 1966 conditioni
867 1919 942 1967 suae
965 1905 1218 1983 consentanea,
1237 1922 1319 1993 quae

170 2095 175 2110 ι
262 2009 397 2083 seilicet
431 2013 572 2105 generis
606 2011 788 2083 nobilitati
831 2035 914 2083 cum
948 2012 1197 2084 dominatione
1230 2037 1318 2086 con·

257 2127 397 2222 junctae
414 2133 501 2222 apta
517 2130 576 2200 sit.
633 2128 797 2200 Priamus
809 2129 917 2223 juxta
942 2137 1079 2201 statum
1098 2141 1134 2201 et
1153 2129 1317 2204 fortunas

262 2267 345 2314 suns
380 2250 501 2339 partes
537 2245 630 2339 gerit
659 2243 756 2317 illius
786 2245 848 2340 qui
883 2245 1036 2341 imperio
1065 2247 1250 2319 corruenti
1280 2259 1318 2318 et

262 2357 430 2454 periculis
457 2360 576 2432 obsito
602 2361 781 2456 praesidet.
833 2361 1065 2457 Tlepolemus
1092 2361 1243 2457 simplex
1262 2375 1317 2434 est

263 2475 459 2548 nobilitatis
473 2477 666 2574 exemplar.
703 2477 874 2549 Eumaeus
888 2485 924 2550 et
938 2475 1123 2550 Philaetius
1141 2477 1316 2551 inferioris

263 2593 346 2666 vitae
372 2595 588 2668 conditionis
615 2603 735 2692 partes
761 2597 922 2691 explent.
975 2595 1082 2668 Proci
1106 2621 1233 2669 eorum
1254 2597 1316 2693 qui

263 2710 397 2784 divitiis
416 2711 522 2784 nimis
540 2713 740 2784 abundant.
785 2711 964 2784 Tlrersitis
983 2718 1020 2784 et
1036 2714 1146 2784 verbe
1162 2725 1198 2785 et
1216 2723 1317 2808 geste

263 2853 306 2898 ex
331 2829 416 2901 saece
444 2841 529 2901 sunt
554 2829 691 2925 populi.
744 2829 801 2901 Ita
827 2829 864 2900 in
890 2827 1051 2901 Homero
1073 2853 1147 2900 non
1173 2837 1327 2901 tantum-

262 2945 469 3018 universam
488 2946 571 3017 vitae
599 2947 768 3018 humanae
795 2945 1108 3026 adumbrationem
1128 2946 1314 3032 habemus,

262 3061 323 3131 sed
342 3060 558 3133 varietatum
586 3061 691 3132 etiam
720 3071 756 3134 et
778 3059 1058 3132 differentiarum
1083 3085 1165 3157 quae
1190 3061 1228 3132 in
1252 3087 1315 3134 ex-

261 3178 360 3248 culte
382 3177 458 3249 vila
482 3183 520 3250 et
545 3178 770 3250 commerciis
798 3177 985 3249 hominum
1012 3177 1180 3250 oriuntur
1200 3185 1240 3250 et
1264 3179 1315 3250 ef-

260 3293 406 3389 fingunt
432 3293 573 3367 infinita
599 3295 671 3367 fere
704 3319 939 3390 personarum
966 3293 1179 3381 discrimino,
1206 3302 1316 3391 prout

260 3412 411 3482 allectus
429 3418 466 3482 et
485 3435 602 3482 mores
620 3413 676 3483 vel
693 3435 741 3482 ex
765 3411 926 3506 ingenita
943 3409 1053 3482 animi
1078 3413 1315 3507 pmpensione

261 3527 319 3598 vel
342 3552 386 3598 ex
405 3528 488 3599 vitae
510 3552 618 3600 eursu
636 3528 778 3600 varium
802 3526 840 3599 in
857 3527 1008 3599 modum
1029 3535 1160 3599 coeunt
1178 3539 1214 3599 et
1231 3551 1314 3599 con-

260 3643 454 3716 socientur.
510 3645 680 3741 Sequitur
697 3669 770 3716 non
789 3645 861 3717 elio
877 3643 913 3715 in
932 3667 1041 3716 sensu
1059 3667 1177 3715 mores
1200 3643 1314 3715 bonos

259 3785 338 3833 esse
355 3771 542 3856 oportere:
572 3787 614 3834 ex
634 3762 763 3834 harum
785 3762 882 3834 enim
901 3785 1020 3832 rerum
1038 3759 1179 3832 ratione
1195 3759 1313 3832 omnis

258 3877 392 3973 pendet
410 3878 545 3950 virtus:
577 3879 719 3950 aliaest
741 3877 858 3964 Seme,
877 3878 946 3950 alia
963 3876 1225 3960 Adolescentis,
1244 3877 1314 3948 alia

259 3995 380 4090 Regin
400 3995 469 4067 alia
495 3994 630 4068 subditi
656 4001 693 4066 et
714 3995 843 4090 privati
867 3995 965 4068 civis.
1019 3993 1190 4090 Sequitur
1206 3991 1313 4065 etiem

258 4114 395 4184 nullam
414 4136 606 4208 personam
627 4112 727 4184 omni
747 4135 792 4184 ex
814 4119 918 4209 parte
942 4111 1136 4207 perfectam
1156 4121 1192 4182 et
1209 4111 1312 4182 obso-

258 4228 370 4300 lutnm
401 4253 479 4302 esse
513 4237 692 4324 oportere,
724 4229 825 4301 nullo
855 4229 952 4301 enim
987 4228 1025 4300 in
1054 4249 1186 4324 genere
1215 4225 1313 4322 apud

677 4374 688 4406 ⁶
710 4373 751 4431 lt.
769 4389 797 4433 z.
813 4395 881 4451 490.
