3096 4886
522 265 736 314 rnansorro
760 266 902 316 rnnrra.
1195 247 1239 310 45

179 411 322 487 sionem
345 412 509 510 praebent
537 419 576 486 et
609 411 811 488 stimulum.
863 413 1024 488 Accedat
1058 411 1149 490 illud
1183 415 1240 489 in·

179 553 291 628 super
308 531 407 628 quod
431 530 584 604 inomni
609 529 817 604 Graeoorum
836 528 987 605 historia
1009 555 1086 606 non
1107 557 1240 630 parum

178 645 337 722 valuisse
354 672 509 736 censeo;
537 647 611 735 illa,
629 647 789 745 inquam,
809 648 940 722 misera
956 653 994 722 et
1010 649 1150 748 abjecta
1166 675 1239 725 ser-

176 787 309 838 vorum
326 762 504 839 conditio¹
518 795 579 837 :-

340 895 449 970 Eiprpou
463 897 632 969 ιῖσονᾶγονσι
646 897 725 952 πόνον
738 894 761 951 τ’
776 897 867 969 ἔχε’μιν
880 897 922 952 καὶ
935 896 1013 964 etsta

179 1003 301 1079 Facile
323 1006 422 1080 enim
445 1005 612 1080 libertate
636 1029 704 1080 sua
729 1029 767 1078 se
791 1005 999 1094 efferebant,
1019 1031 1106 1081 eum
1127 1007 1239 1084 servi-

178 1120 271 1196 tutis
295 1124 393 1196 mala
417 1121 578 1220 quotidie
603 1127 688 1195 ante
713 1122 838 1197 oeulos
864 1122 1172 1213 obversabantur;
1199 1131 1239 1199 et

179 1259 264 1310 eam
288 1236 357 1311 sibi
379 1237 553 1312 virtutem
577 1236 838 1326 admiscebant,
858 1264 938 1336 quae
966 1239 1044 1314 cive
1062 1241 1240 1339 Spartano

179 1363 218 1428 et
234 1354 449 1430 Atheniensi
466 1355 575 1452 digna
590 1355 693 1428 foret.
746 1354 856 1428 Unde
872 1356 963 1430 illud
974 1365 998 1394 ¹²
1015 1387 1077 1430 :-

336 1487 441 1562 Ἦμιον
453 1495 504 1566 γάρ
517 1491 540 1546 1²
553 1491 647 1564 ἆμιτῆι
659 1491 811 1548 ἀποαίνυται
825 1491 940 1565 εὐρύοπα
953 1492 1017 1550 Ζεὺς

343 1585 455 1661 ’Δνέροὴ
470 1585 522 1644 οὔτ’
536 1587 568 1644 dv
580 1609 626 1658 μιν
639 1586 703 1642 κατὰ
717 1585 822 1643 δούλιον
836 1585 904 1662 ἦμαρ
918 1586 1022 1658 ἕλῃσιν.

231 1705 317 1781 Jam
341 1731 429 1780 vero
455 1731 500 1780 ex
517 1706 561 1780 iis
584 1731 666 1803 quae
689 1729 800 1803 supra
822 1704 1008 1802 disputata
1031 1711 1129 1794 sunt,
1147 1705 1239 1780 illud

180 1848 326 1922 quoque
352 1821 455 1898 facile
485 1822 649 1921 sequitur
677 1821 820 1918 Legum
849 1823 926 1896 vim
959 1833 996 1896 et
1030 1847 1139 1898 usum
1167 1824 1239 1898 illis

180 1939 405 2038 temporibus
422 1938 483 2012 vix
502 1940 652 2014 omnino
669 1939 894 2013 intellectum
913 1939 1048 2026 suisse3
1076 1942 1241 2014 nondum

179 2083 226 2132 ex
252 2056 463 2155 praescripto
489 2056 610 2129 vivere
636 2055 846 2130 didicerant.
899 2055 1028 2152 Itaque
1056 2057 1100 2130 de
1124 2056 1166 2129 iis
1190 2081 1239 2130 ne

178 2175 334 2248 verbum
350 2173 496 2271 quidem
513 2173 610 2271 apud
624 2172 828 2247 Homerum
844 2171 1018 2261 invenies,
1033 2173 1097 2270 qui
1113 2179 1238 2246 tamen

181 2292 226 2366 de
243 2291 343 2364 omni
362 2293 445 2366 vitae
458 2290 626 2365 humanae
643 2289 782 2364 ratione
794 2296 872 2363 tam
884 2297 1051 2364 accurate
1062 2291 1237 2389 loquitur.

179 2408 329 2483 Publioe
343 2408 405 2482 vix
421 2409 498 2483 ulla
513 2408 652 2506 legibus
677 2407 816 2482 occasio
839 2409 924 2483 data
946 2413 1023 2482 erat
1035 2439 1044 2497 ;
1072 2408 1238 2482 nondum

180 2525 279 2600 enim
301 2526 391 2600 fines
414 2548 500 2600 suos
522 2527 581 2599 vel
605 2526 825 2622 potentiores
847 2528 905 2600 vel
928 2526 1006 2622 ipsa
1029 2526 1131 2622 plebs
1154 2551 1238 2622 per-

179 2667 349 2741 rumpere
365 2644 514 2717 solebat.
565 2641 718 2717 Privatis
732 2643 861 2740 jurgiis
884 2643 1054 2716 instituta
1071 2643 1238 2739 quaedam

180 2759 301 2859 patria
334 2766 372 2833 et
405 2768 512 2834 vetus
546 2761 771 2834 consuetudo
805 2759 864 2832 vel
898 2760 977 2855 ipsa
1001 2759 1169 2855 judicum
1201 2768 1240 2834 et

179 2876 355 2974 principis
372 2873 553 2951 sententia
569 2875 776 2952 dirimendis
795 2875 997 2952 sufficiebat
1009 2883 1037 2950 ¹¹.
1091 2876 1240 2950 Etenim

180 2993 354 3091 inprime
371 2993 487 3068 civilis
509 2993 707 3090 disciplinae
730 2999 861 3068 exortu
886 2992 1066 3068 institutis
1090 2993 1239 3090 quibus·

182 3111 277 3198 dam,
313 3136 395 3208 quae
428 3135 474 3184 ex
508 3111 774 3184 consuetudine
808 3109 983 3209 originem
1018 3111 1170 3200 ducunt,
1200 3135 1239 3186 se

180 3239 313 3325 regunt
330 3225 506 3316 homines,
525 3226 576 3301 ita
592 3233 647 3317 ut,
667 3227 785 3326 siquid
804 3228 889 3302 novi
905 3226 1123 3316 suboriatur,
1142 3252 1240 3302 novo

178 3344 356 3444 principis
385 3343 504 3420 edicto
537 3343 581 3418 de
615 3343 678 3419 iilo
712 3353 863 3418 cautum
897 3343 969 3434 sit;
1004 3370 1085 3443 quae
1114 3351 1238 3418 tamen

178 3461 350 3537 instituta
377 3484 570 3558 progressu
597 3462 770 3559 temporis
799 3485 917 3558 neque
951 3458 1125 3536 memoria
1151 3483 1238 3534 con·

179 3577 291 3654 tinen'
307 3602 425 3677 neque
437 3577 540 3653 facile
554 3575 719 3674 explicari
732 3585 887 3673 possunt
902 3609 911 3665 ;
938 3585 976 3651 et
989 3583 1070 3652 tum
1088 3575 1238 3649 demum

181 3721 226 3770 ea
243 3694 355 3770 literis
378 3696 550 3769 mandare
572 3701 772 3791 coeperunt,
791 3703 828 3768 et
850 3693 996 3793 publica
1018 3693 1239 3769 authoritate

224 3861 233 3902 ¹
248 3861 303 3922 Od.
319 3873 350 3922 Θ.
368 3884 425 3938 529·
731 3869 852 3938 σόμενοι·
873 3864 932 3920 otta·
945 3865 997 3938 γὰρ
1010 3861 1041 3932 ἢν
1056 3863 1120 3918 κατὰ
1136 3867 1239 3930 τοῦτον,

221 3951 243 3980 “
260 3941 314 4001 Od.
331 3955 358 4002 P.
373 3968 431 4017 3²²·
731 3948 803 4002 ἀλλὰ
823 3945 938 4018 γνώμαις
958 3945 1075 4017 ἀρίστοις
1095 3943 1128 3998 rd
1150 3943 1239 4014 πλήθη

223 4037 236 4063 ¹
244 4023 362 4099 Ὀπονγι
375 4022 435 4098 μηδ’
449 4025 512 4081 atet
521 4027 633 4097 τοῦνομα
641 4025 691 4082 πά·
732 4027 858 4100 διφκιῖτο,
873 4025 914 4078 καὶ
927 4027 1114 4098 προστάγμασι
1125 4027 1177 4080 τῶν
1189 4027 1239 4090 βα-

180 4107 227 4161 λοι
254 4105 428 4178 ι’γιγνῶοκνπο
450 4108 497 4161 τοῦ
517 4109 597 4176 νόμον
618 4107 689 4179 παρὸ
729 4099 1000 4184 πολίων-ιῙοσφῘι.
1024 4106 1101 4163 cond·
1126 4101 1238 4180 Apion.

180 4189 236 4242 reis
249 4184 376 4256 Ἕλλησι·
397 4187 439 4241 καὶ
460 4186 558 4258 μόρα-νο
577 4183 691 4259 Ὀμὴραο
729 4179 750 4240 l.
764 4179 796 4240 ii.
811 4201 836 4242 c.
856 4203 895 4256 15.

181 4264 296 4335 οὐδαμοῦ
315 4267 361 4335 νῆα
383 4264 514 4335 reactus
536 4265 604 4338 αι’πᾷ
626 4285 691 4338 χρη-
