3058 4908
271 296 337 358 202
573 303 787 354 rmucrro
809 305 1029 354 nuonrorur.

271 455 392 530 adhuc
418 455 586 528 familiari
603 478 674 528 usu
691 453 831 528 fabulas
856 453 937 528 illas
954 477 1036 552 quoe
1054 453 1218 529 Homero
1236 455 1329 531 duce

271 571 391 646 Musis
416 581 637 646 consecratae
662 579 748 644 sunt
774 595 1006 668 usurpamus,
1025 595 1093 645 neo
1116 597 1328 648 recusamus

269 689 454 787 paulisper
469 689 592 762 animo
615 689 652 762 in
670 689 858 786 antiquam
876 688 1145 787 Mythologiam
1161 690 1274 764 relabi
1290 699 1329 766 et

268 844 312 892 ea
328 829 470 894 nosmet
487 809 962 909 oblectare-metopium
977 807 1072 911 μήτε
1091 809 1329 915 Κενταύρους

269 943 412 1047 διφυεῖς
430 937 478 1044 ἐξ
496 942 722 1045 ἑτερογενῶν
740 935 926 1038 σωμάτων
945 935 1123 1043 ὑπάρξαι,
1138 938 1234 1041 μήτε
1251 943 1326 1041 Γη-

266 1065 406 1173 ρυόνην
431 1067 683 1173 τρισώματον,
713 1067 812 1170 ὅμως
841 1063 1134 1172 προσδεχόμεθα
1158 1065 1226 1151 τὰς
1250 1103 1328 1148 τοι·

254 1195 382 1313 Ιον’τας
415 1199 647 1301 μυθολογίας
656 1215 680 1282 “.
733 1207 859 1283 Liceat
892 1209 1015 1306 itaque
1049 1209 1094 1282 de
1127 1215 1241 1281 tautae
1275 1208 1329 1282 rei

267 1324 472 1424 primordiis
505 1325 593 1423 quid
627 1325 783 1400 sentiam
816 1328 856 1400 in
890 1327 1053 1400 medium
1087 1327 1258 1424 prolerre,
1296 1329 1329 1400 si

268 1442 362 1516 sorte
379 1443 475 1516 inter
490 1448 548 1517 tot
564 1442 811 1542 discrepantes
828 1443 1028 1518 sententias
1044 1450 1083 1517 et
1106 1467 1175 1518 nos
1192 1443 1330 1540 aliquid

268 1562 478 1658 conjectura
494 1583 743 1657 assequamur.

317 1675 402 1750 Jam
419 1701 505 1750 vero
518 1675 730 1751 Herodotus
747 1687 863 1752 totam
879 1676 952 1752 lere
969 1677 1173 1751 fabularum
1187 1677 1327 1750 Graeca-

267 1818 351 1867 rum
376 1818 590 1892 compagem
615 1793 777 1869 Homero
799 1805 838 1870 et
863 1794 1025 1869 Hesiodo
1042 1795 1208 1868 tribuere
1226 1796 1327 1869 vide-

266 1917 340 1985 tur.
393 1911 472 1985 Hos
497 1911 747 2010 Theogoniam
772 1912 970 1987 confecisse
996 1914 1060 2001 ait,
1078 1912 1148 1986 hos
1174 1913 1327 2010 singulis

268 2027 347 2103 Diis
365 2036 403 2103 et
420 2029 638 2124 cognomina
654 2037 692 2104 et
709 2030 834 2104 munia
856 2054 923 2104 sua
940 2037 1050 2128 atque
1066 2030 1177 2103 etiam
1195 2030 1328 2104 formas

269 2151 650 2258 adsignasse-oiroi
681 2154 779 2232 εἰσὶν
810 2157 846 2232 οἱ
876 2151 1104 2254 ποιήσαντες
1135 2149 1329 2254 θεογονίην

262 2274 447 2382 Ἕλλησι,
478 2282 539 2360 καὶ
569 2285 671 2361 τοῖσι
700 2286 821 2361 θεοῖσι
855 2278 922 2365 τὰς
951 2280 1158 2380 ἐπωνυμίας
1188 2274 1327 2378 δόντες,

267 2412 329 2494 καὶ
346 2407 454 2512 τιμάς
472 2444 511 2489 τε
538 2411 600 2488 καὶ
624 2406 758 2514 τέχνας
784 2404 983 2507 διελόντες,
1002 2411 1064 2488 καὶ
1088 2403 1187 2488 εἷδεα
1206 2410 1329 2490 αὐτῶν

268 2538 503 2642 σημήναντες
511 2545 537 2623 ⁵.
590 2547 716 2622 Nolim
743 2558 869 2623 tamen
902 2548 1011 2624 nimis
1041 2573 1088 2622 ex
1115 2548 1220 2622 litera
1249 2549 1327 2622 haec

267 2666 479 2762 intelligere.
532 2664 643 2748 Quod
670 2665 802 2739 Poesin
831 2667 976 2755 attinet,
1006 2666 1242 2740 Homericam
1271 2691 1327 2739 rc-

267 2808 351 2858 rum
368 2783 571 2856 divinarum
595 2784 885 2860 distributionem
910 2785 1130 2858 recentiores
1155 2806 1230 2856 non
1248 2783 1329 2856 ausi

268 2911 353 2976 sunt
379 2903 525 2975 violare.
578 2901 705 2976 Nolim
735 2909 860 2975 tamen
886 2900 1091 2976 Homerum
1122 2901 1328 2974 fabularum

268 3043 416 3093 suarum
440 3029 550 3115 atque
578 3019 668 3093 adeo
695 3018 879 3116 religionis
909 3018 1044 3092 Graecae
1072 3017 1265 3091 authorem
1291 3027 1330 3090 et

267 3147 423 3246 primum
451 3151 678 3224 inventorem
705 3136 925 3224 haberi-ri
953 3137 1028 3243 γὰρ
1057 3134 1181 3219 πάντα
1206 3135 1328 3220 πλάτ-

268 3303 346 3350 τειν
368 3269 412 3349 οὐ
431 3268 600 3368 πιθανόν,
619 3269 696 3350 οὐδ’
715 3267 923 3375 Ὁμηρικόν
933 3286 956 3352 ⁰.
1007 3278 1139 3376 Neque
1162 3287 1330 3376 portenta

268 3405 306 3470 et
331 3394 461 3469 fabulae
486 3396 565 3470 istae
590 3397 629 3469 in
655 3419 694 3469 re
710 3395 858 3470 Poetice
882 3398 1001 3470 ullum
1026 3396 1178 3469 omuino
1203 3395 1328 3468 locum

268 3513 416 3600 hebent,
433 3511 503 3586 nisi
525 3522 707 3611 quatenus
733 3537 779 3586 ex
804 3513 960 3609 receptis
977 3524 1184 3609 temporum
1210 3511 1329 3609 opini-

269 3632 400 3704 onibus
434 3630 610 3726 originem
644 3628 795 3705 ducunt.
848 3629 948 3704 Hinc
975 3631 1093 3702 omnis
1121 3629 1177 3703 vis
1206 3653 1330 3702 earum

268 3749 307 3820 in
334 3746 533 3822 alliciendis
549 3747 743 3822 hominum
769 3749 965 3834 mentibus,
984 3746 1083 3821 iniis
1109 3748 1204 3820 enim
1231 3771 1331 3820 com-

270 3865 403 3939 morari
419 3867 501 3940 vult
525 3863 734 3962 superstitio
752 3867 886 3964 quibua
909 3863 1081 3952 assuevit,
1099 3887 1176 3937 rem
1196 3887 1330 3937 novam

269 4006 387 4082 neque
404 3983 569 4082 agnoscit
591 4007 708 4082 neque
726 4007 769 4058 ea
785 3989 1029 4081 permovetur.
1082 3981 1182 4056 Hinc
1204 4005 1330 4056 earum

349 4254 362 4284 ¹
382 4247 471 4308 Diod.
488 4247 590 4322 dicul,
607 4247 626 4308 l.
643 4250 681 4310 ir.
695 4269 721 4310 c.
737 4253 765 4308 8.
900 4245 913 4286 ⁵
936 4247 1059 4320 Herod,
1075 4246 1094 4306 l.
1110 4245 1139 4306 ii.
1155 4267 1179 4304 e.
1198 4263 1245 4324 53.

637 4339 647 4363 ⁶
670 4329 787 4398 δοταδο,
801 4327 821 4387 l.
838 4327 859 4388 i.
873 4349 902 4408 p.
919 4347 966 4408 ²5·
