3058 4908
482 355 696 432 pamaacmo
715 355 1023 416 necrus-noram.
1216 343 1281 407 237

225 507 271 579 ad
299 506 409 579 finem
439 507 533 580 acies
564 507 694 581 mentis
720 509 948 604 perlustrare.
967 514 1098 606 queat,
1129 531 1203 580 non
1228 507 1281 579 illi

225 623 340 697 officit
364 624 519 720 partium
545 647 718 698 numerus
744 635 781 698 et
803 625 992 740 diversitas
1018 625 1127 698 modo
1155 649 1281 698 omnes

226 766 272 814 ex
295 766 371 815 nno
397 747 590 814 stemmate
614 743 832 836 proveniant
855 749 893 815 et
918 743 964 815 ad
989 742 1081 815 illud
1103 741 1207 816 facile
1229 766 1282 815 re-

227 859 349 931 vocari
375 858 516 955 possint
528 891 537 947 ;
564 860 643 954 pari
664 858 748 954 jure
773 859 811 931 in
835 859 880 932 iis
899 885 978 956 quae
1005 859 1169 932 sensibus
1196 860 1284 956 obji-

226 975 386 1064 ciuntur,
419 977 577 1072 spatium
608 976 850 1073 prospiciendi
879 979 1087 1074 quaerimus,
1116 987 1153 1050 et
1183 1001 1285 1071 mag·

227 1113 318 1164 num
345 1115 465 1164 rerum
494 1115 688 1164 numerum
723 1115 808 1165 cum
838 1090 1077 1164 oblectatione
1107 1089 1283 1187 percurri-

227 1232 323 1296 mus,
355 1209 465 1281 modo
499 1233 546 1282 ne
581 1208 833 1304 incompositae
864 1209 1011 1304 jaceant
1044 1214 1081 1281 et
1112 1208 1284 1281 distantia

227 1348 294 1398 sua
310 1316 530 1398 indistinctae
553 1326 638 1398 sint.
692 1325 737 1398 In
761 1325 898 1399 auxilio
921 1331 1045 1398 autem
1068 1333 1156 1399 sunt
1172 1324 1284 1422 Epico

226 1449 346 1540 poetae
364 1468 429 1516 cur
446 1441 677 1540 pluraquam
694 1443 823 1516 caeteri·
836 1443 997 1540 plerique
1020 1445 1286 1540 complectatur

226 1585 303 1633 non
330 1569 472 1634 tantum
507 1561 650 1654 legendi
681 1558 798 1633 otium
829 1560 892 1633 sed
923 1569 959 1633 et
985 1560 1175 1633 intervalla
1201 1561 1282 1655 ista,
1389 1545 1393 1550 ⁵

228 1700 308 1773 quae
337 1677 376 1750 in
405 1676 477 1751 hoc
508 1677 688 1751 scribendi
720 1701 849 1774 genere
878 1677 1079 1775 frequentia
1109 1679 1285 1751 sunt—in

229 1792 360 1892 quibus
388 1794 419 1867 si
446 1792 535 1866 scite
562 1795 851 1890 interponantur,
881 1793 970 1867 dum
1005 1795 1101 1868 sistit
1127 1793 1299 1882 animus,

228 1911 367 2006 colligit
393 1935 435 1984 ac
464 1935 592 1984 rursus
619 1898 715 1983 inter
740 1933 778 1984 se
808 1911 1005 1984 committit
1031 1935 1073 1984 ea
1098 1935 1179 2010 quae
1206 1936 1286 2008 per·

227 2027 368 2123 legerit,
388 2035 497 2128 atque
513 2027 604 2102 adeo
623 2026 735 2124 magis
753 2033 836 2101 tuto
849 2037 891 2101 et
908 2028 1062 2102 fidenter
1077 2029 1286 2102 ulteriorem

227 2169 458 2242 progressum
476 2152 613 2218 tentat:
643 2146 695 2234 ita
719 2145 816 2218 enim
842 2144 961 2219 estin
988 2147 1086 2219 omni
1104 2146 1283 2232 Scientia3
1375 2168 1379 2186 ‘

228 2262 273 2335 ab
291 2287 366 2336 nna
382 2287 421 2336 re
439 2263 528 2336 satis
545 2270 738 2360 perspecta
761 2263 808 2336 ad
824 2263 932 2336 aliam
945 2262 1155 2352 transimus,
1171 2264 1287 2338 donec

228 2387 350 2454 totum
368 2383 556 2456 cumulum
573 2381 798 2469 conficimus
818 2406 913 2479 saepe
930 2393 1055 2455 tamen
1075 2382 1114 2454 in
1131 2383 1284 2476 vestigia

228 2497 485 2571 revertendum
502 2503 569 2585 est,
589 2521 682 2594 saepe
700 2500 898 2595 repetenda
923 2510 1010 2572 sunt
1026 2506 1064 2572 et
1081 2498 1282 2594 colligenda

229 2637 272 2686 ea
298 2637 377 2712 quae
409 2637 669 2688 summanum
704 2615 890 2712 diligentia
923 2626 1031 2688 antea
1059 2609 1284 2702 tractareris,

228 2731 331 2804 aliter
357 2733 396 2806 in
418 2737 594 2828 perpetua
620 2757 742 2806 rerum
768 2733 1044 2806 continuatione
1069 2731 1192 2804 haeret
1209 2733 1286 2804 ani-

227 2871 310 2922 mus
336 2855 375 2922 et
396 2849 547 2922 laborat.
600 2849 768 2922 Eundem
793 2849 832 2922 in
856 2850 980 2936 finem,
1003 2857 1181 2945 quatenus
1207 2847 1287 2921 fieri
1414 2921 1416 2924 .

165 3005 176 3020 ν
227 2976 362 3063 potest,
394 2967 617 3040 recensendo
645 2973 860 3063 argumenta
889 2990 967 3054 sua,
996 2967 1152 3040 orationi
1176 2965 1286 3042 inter·

225 3084 323 3156 valla
345 3083 548 3181 interponit
566 3083 712 3178 Orator,
731 3082 769 3156 in
790 3083 923 3178 quibus
944 3069 1178 3180 conquiescat
1195 3109 1286 3181 pau·

226 3205 346 3276 lulum
369 3203 515 3278 auditor
532 3211 568 3276 et
594 3210 737 3300 repetat
760 3228 803 3277 ea
829 3228 910 3303 quae
934 3203 1108 3290 didicerit,
1127 3229 1217 3278 mox
1240 3205 1286 3278 ad

226 3320 264 3394 id
288 3321 387 3417 quod
412 3321 591 3417 reliquum
617 3331 672 3395 est
697 3331 899 3410 revocetur,
918 3330 1027 3420 atque
1052 3321 1104 3395 ita
1129 3346 1204 3396 non
1230 3346 1286 3396 re·

166 3537 169 3540 Ι
229 3448 333 3512 euset
350 3436 563 3510 Orationem
589 3436 627 3512 in
647 3439 798 3535 longum
824 3425 1015 3535 prolatam.
1069 3440 1192 3534 Atque
1217 3439 1286 3512 hoc

228 3553 419 3628 artificium
445 3579 531 3628 curn
560 3553 599 3628 in
622 3557 821 3631 dramatica
848 3555 1050 3630 imitatione
1080 3555 1142 3630 vix
1168 3557 1286 3628 ullum

227 3668 349 3741 locum
366 3666 489 3758 habet,
509 3669 606 3742 inter
622 3669 843 3742 narrandum
860 3675 985 3742 tamen
1008 3680 1046 3741 et
1069 3667 1286 3742 ratiocinan-

227 3786 316 3862 dum
339 3809 482 3882 semper
504 3785 666 3859 adhiberi
687 3792 821 3882 potest,
838 3784 877 3859 in
897 3785 1016 3882 ¹Epica
1039 3790 1161 3857 autem
1184 3783 1288 3881 poesi

229 3923 340 3998 quam
359 3925 539 3976 maxume.
1096 3993 1102 4000 ,

278 4015 443 4092 Homero
458 4019 583 4117 itaque
609 4044 654 4092 ex
676 4019 733 4092 his
756 4015 940 4117 principiis
958 4017 1097 4090 tabulae
1118 4041 1193 4092 suae
1214 4023 1286 4092 sta·

228 4135 389 4208 tuendus
407 4145 483 4209 erat
508 4136 651 4210 modus.
704 4138 784 4211 Hos
808 4141 930 4209 autem
947 4133 1080 4207 limites
1101 4136 1208 4230 longe
1230 4161 1288 4208 ex-

230 4249 425 4348 superabat
444 4251 592 4350 Trojani
616 4250 702 4326 belli
725 4252 967 4326 diuturnitas:
997 4251 1137 4326 difficile
1155 4261 1212 4325 est
1233 4253 1287 4325 in-

229 4368 324 4464 tegri
351 4369 516 4443 decennii
543 4372 702 4466 spatium
723 4374 782 4445 vel
808 4369 951 4444 modico
975 4370 1117 4445 ambitu
1142 4371 1287 4444 conclu·
