3096 4886
547 275 762 328 rmeerro
783 277 959 330 mersor.
1235 259 1278 324 2⁷

221 422 500 500 Heraclidamm
532 423 671 498 ruditus
703 421 777 498 fere
811 447 956 500 omnem
985 423 1279 524 Peloponnesum

221 540 401 616 excitavit.
452 539 592 614 Eodem
607 539 681 614 fere
698 545 885 638 tempore⁰
910 541 1031 617 Boeoti
1051 545 1177 642 paucis
1193 549 1279 622 ante

221 659 326 734 annis
359 657 506 733 sedibus
530 657 607 732 suis
633 656 740 754 ejecti
763 657 803 730 in
827 656 983 754 patriam
1011 660 1208 750 redierunt,
1240 667 1279 738 et

221 781 302 850 tum
327 775 476 850 demum
501 772 711 872 conquievit
736 783 814 848 tota
838 773 988 865 Gracia,
1007 799 1077 852 nec
1101 777 1172 852 nisi
1195 776 1278 852 fini-

220 891 395 967 timorum
410 890 514 966 bellis
530 890 743 987 perturbata
758 895 836 980 est;
862 896 902 966 et
920 893 1039 966 otium
1052 894 1130 991 Jam
1146 892 1279 992 adepta

220 1008 362 1105 magnis
379 1013 418 1082 ct
434 1006 615 1105 praeclaris
632 1007 741 1080 rebus
758 1029 798 1081 aa
815 1007 981 1084 accinxit.

273 1123 345 1198 Sed
362 1123 570 1198 vetustioris
588 1120 738 1198 Graeciae
754 1122 981 1199 imbecillitas
998 1134 1036 1200 et
1052 1124 1279 1202 incrementa

220 1241 300 1338 ejus
324 1263 506 1338 nusquam
528 1238 657 1313 melius
682 1240 760 1314 erui
784 1247 939 1337 possunt
965 1266 1074 1338 quam
1098 1266 1144 1316 ex
1167 1243 1278 1318 rebus

219 1357 387 1432 nauticis.
439 1354 562 1430 Prima
581 1356 735 1453 hujusce
757 1355 810 1430 rei
832 1355 937 1430 initia
961 1357 1110 1432 fuerunt
1134 1358 1278 1456 praedo·

220 1498 311 1548 num
327 1475 506 1563 incursus,
526 1470 589 1570 qui
605 1495 710 1570 agros
734 1471 902 1547 litoribus
923 1472 1097 1548 finitimos
1115 1484 1276 1570 quastus

219 1589 415 1666 ueletiam
443 1589 562 1663 victus
586 1586 703 1685 gratia
727 1588 954 1686 diripiebant.
1004 1589 1111 1664 Adeo
1135 1587 1175 1664 in
1203 1589 1276 1666 illis

220 1705 444 1803 temporibus
461 1728 579 1802 neque
596 1703 687 1778 mari
703 1729 821 1802 neque
833 1710 930 1778 terra
940 1704 1134 1803 quicquam
1150 1709 1276 1781 tutum

219 1827 298 1897 crat
314 1827 379 1897 aut
395 1821 533 1897 stabile.
586 1820 684 1894 Hinc
707 1826 796 1896 totae
816 1830 943 1918 gentes
969 1822 1014 1896 de
1038 1819 1183 1896 sedibus
1200 1821 1276 1898 suis

220 1937 530 2012 deturbabantur:
558 1935 658 2012 illinc
682 1936 784 2011 nulla
803 1944 1045 2013 mercatorum
1062 1937 1274 2036 frequentia,

221 2053 285 2127 sed
305 2054 519 2150 praedonum
542 2051 804 2150 direptionibus
825 2053 948 2127 omnia
964 2053 1144 2129 infestata.
1197 2052 1276 2128 Pri·

219 2194 303 2245 mus
338 2169 504 2243 omnium
537 2169 662 2243 Minos
696 2171 851 2243 classem
879 2169 947 2244 sibi
972 2168 1207 2268 comparavit,
1237 2173 1276 2244 et

218 2286 413 2385 imperium
446 2284 555 2360 meris
589 2284 657 2360 sibi
689 2286 885 2361 vindicavit
895 2295 921 2360 Ρ.
975 2287 1134 2362 Sublatis
1163 2286 1276 2384 igitur

218 2405 447 2506 pradonibus
473 2414 610 2480 caetarae
632 2404 782 2482 Graeciae
807 2407 970 2482 civitates
995 2406 1091 2481 inter
1114 2429 1154 2481 se
1178 2427 1275 2478 mer-

218 2535 382 2600 caturam
403 2523 531 2610 sacere,
555 2526 594 2597 et
620 2521 765 2618 negotia
789 2521 921 2595 habere
946 2529 1148 2619 coeperunt.
1202 2517 1275 2592 Sed

220 2639 374 2716 Homeri
389 2639 614 2736 temporibus
630 2636 795 2712 nondum
813 2636 977 2710 dedecori
994 2640 1072 2710 erat
1088 2623 1275 2733 praedandi

219 2779 330 2831 causa
346 2754 458 2828 maria
474 2753 650 2828 transirc‘¹
665 2785 727 2827 :—

337 2949 371 3005 'n
385 2949 475 3018 ξεῖνοι,
488 2948 555 3006 τίνει
568 2946 649 3011 lor-h
669 2945 751 3002 πόθεν
763 2941 850 3001 alsit
864 2943 931 3016 ὑγρὰ
944 2943 1073 3008 κέλευθος

340 3038 375 3098 'll
389 3041 415 3096 rl
428 3040 492 3096 cord
504 3039 607 3114 πρῆξιν,
622 3037 638 3110 i
650 3037 784 3112 μαψιδίως
797 3034 935 3105 ἀλάλησθε

340 3130 389 3189 ob
401 3155 430 3188 τε
442 3134 584 3205 ληιστῆρες
596 3131 672 3204 ὑπεὶρ
686 3131 757 3192 ἅλας
777 3127 819 3184 rot
831 3127 857 3203 γ’
872 3127 999 3183 ἀλόωνται

338 3227 428 3298 Ψυχὰς
440 3223 604 3298 παρθίμενοι,
619 3225 697 3280 κακὸν
709 3222 886 3277 ἇλλοδαποῖσι
899 3219 1032 3292 φέροντες.

221 3397 313 3475 Quae
346 3399 391 3472 dc
425 3397 617 3470 Phaeacum
656 3393 832 3468 navibus*
862 3390 1026 3466 sabulosa
1064 3388 1272 3479 traduntur,

219 3514 264 3589 iis
297 3512 571 3589 accommodate
600 3512 696 3586 dieta
729 3533 808 3585 ease
841 3508 1023 3596 videntur,
1058 3506 1190 3602 quibus
1223 3505 1275 3578 rei

219 3630 357 3704 navalis
386 3629 518 3727 peritia
543 3627 663 3701 adbuc
689 3623 852 3722 prodigio
877 3623 967 3697 fuit:
995 3645 1125 3719 parum
1150 3625 1275 3695 autem

218 3745 259 3820 in
290 3745 359 3820 hac
390 3771 430 3820 re
463 3743 656 3842 profecisse
695 3740 806 3816 etiam
846 3763 889 3813 eo
924 3748 1088 3833 tempore
1122 3759 1196 3833 quo
1235 3735 1274 3808 in

219 3862 348 3937 Asiam
370 3863 521 3937 coloniae
543 3862 708 3935 deductae
725 3859 873 3934 suerunt
890 3861 1090 3928 auctorest
1107 3851 1239 3926 Strabo
1249 3859 1274 3927 ¹.

259 4101 585 4178 ⁰Tlmc.,l.i.o.rc;
612 4101 722 4171 Stroth„
812 4096 948 4157 ‘¹0d.r.
966 4115 1005 4170 71.
1055 4092 1262 4167 dictales.

234 4227 241 4242 .
274 4225 281 4239 .
813 4175 894 4234 ¹041.
911 4189 944 4236 Θ.
960 4184 1016 4252 556.
