<?xml version="1.0" encoding="UTF-8"?>
<!DOCTYPE html PUBLIC "-//W3C//DTD XHTML 1.0 Transitional//EN"
    "http://www.w3.org/TR/xhtml1/DTD/xhtml1-transitional.dtd">
<html xmlns="http://www.w3.org/1999/xhtml" xml:lang="en" lang="en">
 <head>
  <title>
</title>
<meta http-equiv="Content-Type" content="text/html;charset=utf-8" />
  <meta name='ocr-system' content='tesseract 3.04.00' />
  <meta name='ocr-capabilities' content='ocr_page ocr_carea ocr_par ocr_line ocrx_word'/>
</head>
<body>
  <div class='ocr_page' id='page_1' title='image "./prlectionesacad00randgoog_0379.png"; bbox 0 0 3058 4902; ppageno 0'>
   <div class='ocr_carea' id='block_1_1' title="bbox 451 285 1259 352">
    <p class='ocr_par' dir='ltr' id='par_1_1' title="bbox 451 285 1259 352">
     <span class='ocr_line' id='line_1_1' title="bbox 451 285 1259 352; baseline 0.001 -3"><span class='ocrx_word' id='word_1_1' title='bbox 451 300 661 351; x_wconf 65' lang='lat' dir='ltr'>rmarcrro</span> <span class='ocrx_word' id='word_1_2' title='bbox 687 299 1040 352; x_wconf 70' lang='lat' dir='ltr'>arcemur-saccum.</span> <span class='ocrx_word' id='word_1_3' title='bbox 1193 285 1259 350; x_wconf 81' lang='grc'>869</span> 
     </span>
    </p>
   </div>
   <div class='ocr_carea' id='block_1_2' title="bbox 196 449 1266 4308">
    <p class='ocr_par' dir='ltr' id='par_1_2' title="bbox 196 449 1266 4308">
     <span class='ocr_line' id='line_1_2' title="bbox 201 449 1260 548; baseline -0.01 -14"><span class='ocrx_word' id='word_1_4' title='bbox 201 464 311 534; x_wconf 88' lang='lat' dir='ltr'>tores.</span> <span class='ocrx_word' id='word_1_5' title='bbox 365 453 473 527; x_wconf 80' lang='lat' dir='ltr'><strong>Certe</strong></span> <span class='ocrx_word' id='word_1_6' title='bbox 491 454 662 526; x_wconf 90' lang='lat' dir='ltr'>videntur</span> <span class='ocrx_word' id='word_1_7' title='bbox 680 450 799 525; x_wconf 87' lang='lat' dir='ltr'>Graeci</span> <span class='ocrx_word' id='word_1_8' title='bbox 824 475 869 524; x_wconf 83' lang='lat' dir='ltr'>ex</span> <span class='ocrx_word' id='word_1_9' title='bbox 895 451 964 525; x_wconf 87' lang='lat' dir='ltr'>hac</span> <span class='ocrx_word' id='word_1_10' title='bbox 988 461 1091 548; x_wconf 76' lang='lat' dir='ltr'>parte</span> <span class='ocrx_word' id='word_1_11' title='bbox 1108 477 1182 539; x_wconf 85' lang='lat' dir='ltr'>non</span> <span class='ocrx_word' id='word_1_12' title='bbox 1207 449 1260 524; x_wconf 91' lang='lat' dir='ltr'>ita</span> 
     </span>
     <span class='ocr_line' id='line_1_3' title="bbox 202 567 1258 666; baseline -0.009 -15"><span class='ocrx_word' id='word_1_13' title='bbox 202 576 303 651; x_wconf 89' lang='lat' dir='ltr'>ducti</span> <span class='ocrx_word' id='word_1_14' title='bbox 321 573 432 647; x_wconf 91' lang='lat' dir='ltr'>suisse</span> <span class='ocrx_word' id='word_1_15' title='bbox 449 594 569 644; x_wconf 92' lang='lat' dir='ltr'>rerum</span> <span class='ocrx_word' id='word_1_16' title='bbox 587 592 762 642; x_wconf 88' lang='lat' dir='ltr'>novarum</span> <span class='ocrx_word' id='word_1_17' title='bbox 784 567 941 666; x_wconf 88' lang='lat' dir='ltr'>aucupio</span> <span class='ocrx_word' id='word_1_18' title='bbox 959 575 1002 642; x_wconf 89' lang='lat' dir='ltr'>ut</span> <span class='ocrx_word' id='word_1_19' title='bbox 1025 593 1258 666; x_wconf 86' lang='lat' dir='ltr'>aspernaren-</span> 
     </span>
     <span class='ocr_line' id='line_1_4' title="bbox 202 684 1259 786; baseline -0.007 -19"><span class='ocrx_word' id='word_1_20' title='bbox 202 701 264 768; x_wconf 90' lang='lat' dir='ltr'>tur</span> <span class='ocrx_word' id='word_1_21' title='bbox 294 689 527 786; x_wconf 86' lang='lat' dir='ltr'>antiquarum</span> <span class='ocrx_word' id='word_1_22' title='bbox 555 684 803 761; x_wconf 83' lang='lat' dir='ltr'>recensionem</span> <span class='ocrx_word' id='word_1_23' title='bbox 832 685 923 760; x_wconf 89' lang='lat' dir='ltr'>scite</span> <span class='ocrx_word' id='word_1_24' title='bbox 952 685 1194 784; x_wconf 84' lang='lat' dir='ltr'>conscriptam</span> <span class='ocrx_word' id='word_1_25' title='bbox 1222 696 1259 760; x_wconf 91' lang='lat' dir='ltr'>et</span> 
     </span>
     <span class='ocr_line' id='line_1_5' title="bbox 202 802 1256 890; baseline -0.008 -8"><span class='ocrx_word' id='word_1_26' title='bbox 202 833 299 882; x_wconf 88' lang='lat' dir='ltr'>nova</span> <span class='ocrx_word' id='word_1_27' title='bbox 327 812 404 879; x_wconf 89' lang='lat' dir='ltr'>arte</span> <span class='ocrx_word' id='word_1_28' title='bbox 431 805 647 878; x_wconf 89' lang='lat' dir='ltr'>confictam:</span> <span class='ocrx_word' id='word_1_29' title='bbox 679 802 754 876; x_wconf 94' lang='lat' dir='ltr'>imo</span> <span class='ocrx_word' id='word_1_30' title='bbox 779 803 874 878; x_wconf 90' lang='lat' dir='ltr'>hanc</span> <span class='ocrx_word' id='word_1_31' title='bbox 894 804 1064 878; x_wconf 89' lang='lat' dir='ltr'>maluisse</span> <span class='ocrx_word' id='word_1_32' title='bbox 1091 803 1256 890; x_wconf 86' lang='lat' dir='ltr'>arbitror,</span> 
     </span>
     <span class='ocr_line' id='line_1_6' title="bbox 203 921 1258 1018; baseline -0.007 -20"><span class='ocrx_word' id='word_1_33' title='bbox 203 923 375 998; x_wconf 88' lang='lat' dir='ltr'>maluisse</span> <span class='ocrx_word' id='word_1_34' title='bbox 392 923 542 1018; x_wconf 91' lang='lat' dir='ltr'>inquam</span> <span class='ocrx_word' id='word_1_35' title='bbox 560 927 685 995; x_wconf 87' lang='lat' dir='ltr'>notam</span> <span class='ocrx_word' id='word_1_36' title='bbox 702 944 821 994; x_wconf 86' lang='lat' dir='ltr'>rerum</span> <span class='ocrx_word' id='word_1_37' title='bbox 839 921 980 1007; x_wconf 89' lang='lat' dir='ltr'>seriem,</span> <span class='ocrx_word' id='word_1_38' title='bbox 994 921 1033 994; x_wconf 91' lang='lat' dir='ltr'>in</span> <span class='ocrx_word' id='word_1_39' title='bbox 1050 945 1123 1017; x_wconf 91' lang='lat' dir='ltr'>qua</span> <span class='ocrx_word' id='word_1_40' title='bbox 1138 943 1258 992; x_wconf 89' lang='lat' dir='ltr'>mores</span> 
     </span>
     <span class='ocr_line' id='line_1_7' title="bbox 202 1037 1256 1135; baseline -0.007 -20"><span class='ocrx_word' id='word_1_41' title='bbox 202 1047 241 1116; x_wconf 91' lang='lat' dir='ltr'>et</span> <span class='ocrx_word' id='word_1_42' title='bbox 266 1041 416 1114; x_wconf 88' lang='lat' dir='ltr'>affectus</span> <span class='ocrx_word' id='word_1_43' title='bbox 439 1037 633 1112; x_wconf 89' lang='lat' dir='ltr'>hominum</span> <span class='ocrx_word' id='word_1_44' title='bbox 659 1045 745 1134; x_wconf 87' lang='lat' dir='ltr'>apte</span> <span class='ocrx_word' id='word_1_45' title='bbox 762 1038 1011 1135; x_wconf 74' lang='lat' dir='ltr'>repraesentati</span> <span class='ocrx_word' id='word_1_46' title='bbox 1029 1037 1256 1111; x_wconf 90' lang='lat' dir='ltr'>eminerent:</span> 
     </span>
     <span class='ocr_line' id='line_1_8' title="bbox 203 1155 1259 1253; baseline -0.004 -23"><span class='ocrx_word' id='word_1_47' title='bbox 203 1184 278 1232; x_wconf 91' lang='lat' dir='ltr'>non</span> <span class='ocrx_word' id='word_1_48' title='bbox 316 1157 394 1244; x_wconf 82' lang='lat' dir='ltr'>sine</span> <span class='ocrx_word' id='word_1_49' title='bbox 428 1178 538 1230; x_wconf 89' lang='lat' dir='ltr'>causa</span> <span class='ocrx_word' id='word_1_50' title='bbox 570 1156 749 1252; x_wconf 84' lang='lat' dir='ltr'>putabant</span> <span class='ocrx_word' id='word_1_51' title='bbox 784 1156 878 1230; x_wconf 92' lang='lat' dir='ltr'>hanc</span> <span class='ocrx_word' id='word_1_52' title='bbox 914 1156 1038 1253; x_wconf 91' lang='lat' dir='ltr'>poesin</span> <span class='ocrx_word' id='word_1_53' title='bbox 1072 1155 1259 1228; x_wconf 88' lang='lat' dir='ltr'>intellectu</span> 
     </span>
     <span class='ocr_line' id='line_1_9' title="bbox 202 1271 1260 1370; baseline -0.006 -22"><span class='ocrx_word' id='word_1_54' title='bbox 202 1275 400 1350; x_wconf 85' lang='lat' dir='ltr'>faciliorem</span> <span class='ocrx_word' id='word_1_55' title='bbox 424 1297 504 1347; x_wconf 89' lang='lat' dir='ltr'>esse</span> <span class='ocrx_word' id='word_1_56' title='bbox 529 1297 614 1346; x_wconf 89' lang='lat' dir='ltr'>curn</span> <span class='ocrx_word' id='word_1_57' title='bbox 640 1273 789 1346; x_wconf 90' lang='lat' dir='ltr'>dimidia</span> <span class='ocrx_word' id='word_1_58' title='bbox 809 1273 867 1348; x_wconf 92' lang='lat' dir='ltr'>sui</span> <span class='ocrx_word' id='word_1_59' title='bbox 889 1283 991 1370; x_wconf 91' lang='lat' dir='ltr'>parte</span> <span class='ocrx_word' id='word_1_60' title='bbox 1014 1273 1091 1368; x_wconf 90' lang='lat' dir='ltr'>jam</span> <span class='ocrx_word' id='word_1_61' title='bbox 1113 1271 1260 1367; x_wconf 85' lang='lat' dir='ltr'>cognitu</span> 
     </span>
     <span class='ocr_line' id='line_1_10' title="bbox 202 1386 1257 1487; baseline -0.008 -21"><span class='ocrx_word' id='word_1_62' title='bbox 202 1402 309 1480; x_wconf 90' lang='lat' dir='ltr'>esset,</span> <span class='ocrx_word' id='word_1_63' title='bbox 328 1393 455 1487; x_wconf 89' lang='lat' dir='ltr'>itaque</span> <span class='ocrx_word' id='word_1_64' title='bbox 472 1414 552 1464; x_wconf 90' lang='lat' dir='ltr'>sese</span> <span class='ocrx_word' id='word_1_65' title='bbox 569 1397 607 1462; x_wconf 89' lang='lat' dir='ltr'>et</span> <span class='ocrx_word' id='word_1_66' title='bbox 630 1391 837 1487; x_wconf 83' lang='lat' dir='ltr'>promptius</span> <span class='ocrx_word' id='word_1_67' title='bbox 860 1397 898 1463; x_wconf 92' lang='lat' dir='ltr'>et</span> <span class='ocrx_word' id='word_1_68' title='bbox 920 1388 1122 1464; x_wconf 79' lang='lat' dir='ltr'>accuratius</span> <span class='ocrx_word' id='word_1_69' title='bbox 1144 1386 1257 1484; x_wconf 91' lang='lat' dir='ltr'>poeti-</span> 
     </span>
     <span class='ocr_line' id='line_1_11' title="bbox 202 1504 1260 1604; baseline -0.007 -22"><span class='ocrx_word' id='word_1_70' title='bbox 202 1533 267 1582; x_wconf 89' lang='lat' dir='ltr'>cos</span> <span class='ocrx_word' id='word_1_71' title='bbox 296 1531 420 1581; x_wconf 85' lang='lat' dir='ltr'>mores</span> <span class='ocrx_word' id='word_1_72' title='bbox 447 1505 594 1603; x_wconf 84' lang='lat' dir='ltr'>assequi</span> <span class='ocrx_word' id='word_1_73' title='bbox 623 1531 741 1604; x_wconf 90' lang='lat' dir='ltr'>posse,</span> <span class='ocrx_word' id='word_1_74' title='bbox 770 1507 832 1603; x_wconf 91' lang='lat' dir='ltr'>qui</span> <span class='ocrx_word' id='word_1_75' title='bbox 862 1531 947 1580; x_wconf 90' lang='lat' dir='ltr'>cum</span> <span class='ocrx_word' id='word_1_76' title='bbox 972 1508 1081 1580; x_wconf 91' lang='lat' dir='ltr'>rebus</span> <span class='ocrx_word' id='word_1_77' title='bbox 1107 1504 1260 1577; x_wconf 88' lang='lat' dir='ltr'>antehac</span> 
     </span>
     <span class='ocr_line' id='line_1_12' title="bbox 203 1622 1259 1722; baseline -0.005 -24"><span class='ocrx_word' id='word_1_78' title='bbox 203 1625 390 1722; x_wconf 88' lang='lat' dir='ltr'>usurpatis</span> <span class='ocrx_word' id='word_1_79' title='bbox 409 1623 726 1721; x_wconf 87' lang='lat' dir='ltr'>permiscerentur.</span> <span class='ocrx_word' id='word_1_80' title='bbox 765 1622 867 1708; x_wconf 90' lang='lat' dir='ltr'>Quid</span> <span class='ocrx_word' id='word_1_81' title='bbox 884 1623 915 1698; x_wconf 90' lang='lat' dir='ltr'>si</span> <span class='ocrx_word' id='word_1_82' title='bbox 933 1649 1038 1720; x_wconf 86' lang='lat' dir='ltr'>porro</span> <span class='ocrx_word' id='word_1_83' title='bbox 1056 1629 1259 1697; x_wconf 89' lang='lat' dir='ltr'>statuamus</span> 
     </span>
     <span class='ocr_line' id='line_1_13' title="bbox 202 1739 1259 1838; baseline -0.006 -23"><span class='ocrx_word' id='word_1_84' title='bbox 202 1743 348 1838; x_wconf 86' lang='lat' dir='ltr'>elegans</span> <span class='ocrx_word' id='word_1_85' title='bbox 374 1748 411 1816; x_wconf 92' lang='lat' dir='ltr'>et</span> <span class='ocrx_word' id='word_1_86' title='bbox 437 1742 570 1815; x_wconf 88' lang='lat' dir='ltr'>subtile</span> <span class='ocrx_word' id='word_1_87' title='bbox 593 1739 829 1816; x_wconf 86' lang='lat' dir='ltr'>Atheniensis</span> <span class='ocrx_word' id='word_1_88' title='bbox 852 1741 987 1815; x_wconf 88' lang='lat' dir='ltr'>theatri</span> <span class='ocrx_word' id='word_1_89' title='bbox 1008 1740 1188 1838; x_wconf 91' lang='lat' dir='ltr'>judicium</span> <span class='ocrx_word' id='word_1_90' title='bbox 1214 1760 1259 1810; x_wconf 86' lang='lat' dir='ltr'>err</span> 
     </span>
     <span class='ocr_line' id='line_1_14' title="bbox 203 1856 1260 1955; baseline -0.004 -24"><span class='ocrx_word' id='word_1_91' title='bbox 203 1859 273 1932; x_wconf 89' lang='lat' dir='ltr'>hac</span> <span class='ocrx_word' id='word_1_92' title='bbox 286 1861 369 1954; x_wconf 90' lang='lat' dir='ltr'>ipsa</span> <span class='ocrx_word' id='word_1_93' title='bbox 381 1882 420 1932; x_wconf 89' lang='lat' dir='ltr'>re</span> <span class='ocrx_word' id='word_1_94' title='bbox 434 1857 661 1955; x_wconf 88' lang='lat' dir='ltr'>profluxisse.</span> <span class='ocrx_word' id='word_1_95' title='bbox 690 1858 907 1954; x_wconf 86' lang='lat' dir='ltr'>Argumenti</span> <span class='ocrx_word' id='word_1_96' title='bbox 922 1858 1084 1932; x_wconf 88' lang='lat' dir='ltr'>novitate</span> <span class='ocrx_word' id='word_1_97' title='bbox 1102 1879 1176 1931; x_wconf 88' lang='lat' dir='ltr'>non</span> <span class='ocrx_word' id='word_1_98' title='bbox 1193 1856 1260 1928; x_wconf 90' lang='lat' dir='ltr'>im·</span> 
     </span>
     <span class='ocr_line' id='line_1_15' title="bbox 202 1974 1261 2073; baseline -0.006 -25"><span class='ocrx_word' id='word_1_99' title='bbox 202 1975 331 2073; x_wconf 90' lang='lat' dir='ltr'>pliciti,</span> <span class='ocrx_word' id='word_1_100' title='bbox 360 1999 478 2072; x_wconf 90' lang='lat' dir='ltr'>neque</span> <span class='ocrx_word' id='word_1_101' title='bbox 504 1974 611 2072; x_wconf 91' lang='lat' dir='ltr'>longe</span> <span class='ocrx_word' id='word_1_102' title='bbox 638 1976 861 2073; x_wconf 88' lang='lat' dir='ltr'>requirentes</span> <span class='ocrx_word' id='word_1_103' title='bbox 884 1977 966 2072; x_wconf 90' lang='lat' dir='ltr'>quis</span> <span class='ocrx_word' id='word_1_104' title='bbox 993 1975 1139 2048; x_wconf 82' lang='lat' dir='ltr'>futurus</span> <span class='ocrx_word' id='word_1_105' title='bbox 1164 1982 1261 2045; x_wconf 90' lang='lat' dir='ltr'>esset</span> 
     </span>
     <span class='ocr_line' id='line_1_16' title="bbox 201 2090 1262 2181; baseline -0.006 -15"><span class='ocrx_word' id='word_1_106' title='bbox 201 2093 386 2166; x_wconf 88' lang='lat' dir='ltr'>Dramatis</span> <span class='ocrx_word' id='word_1_107' title='bbox 414 2093 546 2181; x_wconf 87' lang='lat' dir='ltr'>exitus,</span> <span class='ocrx_word' id='word_1_108' title='bbox 576 2101 655 2166; x_wconf 90' lang='lat' dir='ltr'>toto</span> <span class='ocrx_word' id='word_1_109' title='bbox 689 2093 812 2167; x_wconf 89' lang='lat' dir='ltr'>animo</span> <span class='ocrx_word' id='word_1_110' title='bbox 841 2093 1101 2167; x_wconf 85' lang='lat' dir='ltr'>incumbebant</span> <span class='ocrx_word' id='word_1_111' title='bbox 1134 2091 1171 2164; x_wconf 94' lang='lat' dir='ltr'>in</span> <span class='ocrx_word' id='word_1_112' title='bbox 1201 2090 1262 2161; x_wconf 88' lang='lat' dir='ltr'>illa</span> 
     </span>
     <span class='ocr_line' id='line_1_17' title="bbox 202 2209 1261 2308; baseline -0.004 -26"><span class='ocrx_word' id='word_1_113' title='bbox 202 2234 282 2308; x_wconf 86' lang='lat' dir='ltr'>quae</span> <span class='ocrx_word' id='word_1_114' title='bbox 306 2209 458 2282; x_wconf 88' lang='lat' dir='ltr'>maximi</span> <span class='ocrx_word' id='word_1_115' title='bbox 477 2219 566 2283; x_wconf 90' lang='lat' dir='ltr'>sunt</span> <span class='ocrx_word' id='word_1_116' title='bbox 590 2210 711 2305; x_wconf 87' lang='lat' dir='ltr'>pretii,</span> <span class='ocrx_word' id='word_1_117' title='bbox 733 2223 858 2307; x_wconf 89' lang='lat' dir='ltr'>aptam</span> <span class='ocrx_word' id='word_1_118' title='bbox 884 2211 1015 2284; x_wconf 85' lang='lat' dir='ltr'>sabulae</span> <span class='ocrx_word' id='word_1_119' title='bbox 1037 2229 1261 2306; x_wconf 80' lang='lat' dir='ltr'>compagem,</span> 
     </span>
     <span class='ocr_line' id='line_1_18' title="bbox 202 2326 1263 2404; baseline -0.003 -3"><span class='ocrx_word' id='word_1_120' title='bbox 202 2353 346 2402; x_wconf 90' lang='lat' dir='ltr'>morum</span> <span class='ocrx_word' id='word_1_121' title='bbox 374 2338 413 2401; x_wconf 88' lang='lat' dir='ltr'>et</span> <span class='ocrx_word' id='word_1_122' title='bbox 444 2328 642 2402; x_wconf 88' lang='lat' dir='ltr'>affectuum</span> <span class='ocrx_word' id='word_1_123' title='bbox 675 2329 865 2404; x_wconf 86' lang='lat' dir='ltr'>veritatem</span> <span class='ocrx_word' id='word_1_124' title='bbox 893 2339 929 2402; x_wconf 91' lang='lat' dir='ltr'>et</span> <span class='ocrx_word' id='word_1_125' title='bbox 956 2328 1095 2402; x_wconf 89' lang='lat' dir='ltr'>colores</span> <span class='ocrx_word' id='word_1_126' title='bbox 1122 2336 1160 2399; x_wconf 91' lang='lat' dir='ltr'>et</span> <span class='ocrx_word' id='word_1_127' title='bbox 1191 2326 1263 2398; x_wconf 90' lang='lat' dir='ltr'>dio·</span> 
     </span>
     <span class='ocr_line' id='line_1_19' title="bbox 202 2429 1264 2542; baseline -0.003 -23"><span class='ocrx_word' id='word_1_128' title='bbox 202 2445 311 2520; x_wconf 91' lang='lat' dir='ltr'>tionis</span> <span class='ocrx_word' id='word_1_129' title='bbox 342 2444 553 2542; x_wconf 90' lang='lat' dir='ltr'>puritatem.</span> <span class='ocrx_word' id='word_1_130' title='bbox 606 2429 736 2518; x_wconf 85' lang='lat' dir='ltr'>Libera</span> <span class='ocrx_word' id='word_1_131' title='bbox 770 2445 1039 2542; x_wconf 90' lang='lat' dir='ltr'>quodammodo</span> <span class='ocrx_word' id='word_1_132' title='bbox 1072 2453 1109 2518; x_wconf 92' lang='lat' dir='ltr'>et</span> <span class='ocrx_word' id='word_1_133' title='bbox 1144 2443 1264 2518; x_wconf 91' lang='lat' dir='ltr'>soluta</span> 
     </span>
     <span class='ocr_line' id='line_1_20' title="bbox 203 2561 1263 2659; baseline -0.004 -24"><span class='ocrx_word' id='word_1_134' title='bbox 203 2569 325 2636; x_wconf 91' lang='lat' dir='ltr'>mente</span> <span class='ocrx_word' id='word_1_135' title='bbox 356 2563 436 2636; x_wconf 87' lang='lat' dir='ltr'>haec</span> <span class='ocrx_word' id='word_1_136' title='bbox 465 2562 672 2659; x_wconf 85' lang='lat' dir='ltr'>captabant,</span> <span class='ocrx_word' id='word_1_137' title='bbox 701 2569 739 2635; x_wconf 92' lang='lat' dir='ltr'>et</span> <span class='ocrx_word' id='word_1_138' title='bbox 772 2562 986 2636; x_wconf 88' lang='lat' dir='ltr'>hauriebant</span> <span class='ocrx_word' id='word_1_139' title='bbox 1019 2585 1143 2636; x_wconf 87' lang='lat' dir='ltr'>veram</span> <span class='ocrx_word' id='word_1_140' title='bbox 1177 2561 1263 2632; x_wconf 78' lang='lat' dir='ltr'>vitta</span> 
     </span>
     <span class='ocr_line' id='line_1_21' title="bbox 202 2676 1262 2776; baseline -0.002 -24"><span class='ocrx_word' id='word_1_141' title='bbox 202 2678 392 2753; x_wconf 90' lang='lat' dir='ltr'>scientiam</span> <span class='ocrx_word' id='word_1_142' title='bbox 421 2689 457 2752; x_wconf 93' lang='lat' dir='ltr'>et</span> <span class='ocrx_word' id='word_1_143' title='bbox 487 2702 608 2752; x_wconf 88' lang='lat' dir='ltr'>acrem</span> <span class='ocrx_word' id='word_1_144' title='bbox 638 2679 824 2776; x_wconf 75' lang='lat' dir='ltr'>elegantia</span> <span class='ocrx_word' id='word_1_145' title='bbox 859 2702 1019 2766; x_wconf 90' lang='lat' dir='ltr'>sensum,</span> <span class='ocrx_word' id='word_1_146' title='bbox 1050 2676 1111 2752; x_wconf 85' lang='lat' dir='ltr'>eui</span> <span class='ocrx_word' id='word_1_147' title='bbox 1138 2676 1262 2750; x_wconf 85' lang='lat' dir='ltr'>Poetae</span> 
     </span>
     <span class='ocr_line' id='line_1_22' title="bbox 202 2796 1263 2894; baseline -0.001 -26"><span class='ocrx_word' id='word_1_148' title='bbox 202 2796 364 2869; x_wconf 90' lang='lat' dir='ltr'>vicissim</span> <span class='ocrx_word' id='word_1_149' title='bbox 390 2796 589 2870; x_wconf 86' lang='lat' dir='ltr'>studebant</span> <span class='ocrx_word' id='word_1_150' title='bbox 609 2809 646 2870; x_wconf 92' lang='lat' dir='ltr'>et</span> <span class='ocrx_word' id='word_1_151' title='bbox 663 2797 741 2894; x_wconf 87' lang='lat' dir='ltr'>pari</span> <span class='ocrx_word' id='word_1_152' title='bbox 758 2821 846 2871; x_wconf 89' lang='lat' dir='ltr'>cura</span> <span class='ocrx_word' id='word_1_153' title='bbox 865 2797 1096 2871; x_wconf 89' lang='lat' dir='ltr'>enitebantur</span> <span class='ocrx_word' id='word_1_154' title='bbox 1113 2819 1263 2870; x_wconf 91' lang='lat' dir='ltr'>suorum</span> 
     </span>
     <span class='ocr_line' id='line_1_23' title="bbox 196 2912 1262 3010; baseline -0.003 -23"><span class='ocrx_word' id='word_1_155' title='bbox 196 2912 338 3010; x_wconf 89' lang='lat' dir='ltr'>judicio</span> <span class='ocrx_word' id='word_1_156' title='bbox 357 2913 587 2987; x_wconf 83' lang='lat' dir='ltr'>satisfecisse.</span> <span class='ocrx_word' id='word_1_157' title='bbox 631 2913 713 2987; x_wconf 86' lang='lat' dir='ltr'>Nec</span> <span class='ocrx_word' id='word_1_158' title='bbox 728 2939 815 2988; x_wconf 88' lang='lat' dir='ltr'>vero</span> <span class='ocrx_word' id='word_1_159' title='bbox 834 2915 919 2990; x_wconf 88' lang='lat' dir='ltr'>hinc</span> <span class='ocrx_word' id='word_1_160' title='bbox 936 2915 1057 2987; x_wconf 84' lang='lat' dir='ltr'>Poetae</span> <span class='ocrx_word' id='word_1_161' title='bbox 1075 2913 1170 2986; x_wconf 87' lang='lat' dir='ltr'>intra</span> <span class='ocrx_word' id='word_1_162' title='bbox 1186 2936 1262 2986; x_wconf 87' lang='lat' dir='ltr'>arc-</span> 
     </span>
     <span class='ocr_line' id='line_1_24' title="bbox 200 3029 1263 3128; baseline -0.002 -24"><span class='ocrx_word' id='word_1_163' title='bbox 200 3040 260 3104; x_wconf 89' lang='lat' dir='ltr'>tos</span> <span class='ocrx_word' id='word_1_164' title='bbox 278 3030 417 3105; x_wconf 90' lang='lat' dir='ltr'>limites</span> <span class='ocrx_word' id='word_1_165' title='bbox 437 3031 760 3106; x_wconf 89' lang='lat' dir='ltr'>concludebantur.</span> <span class='ocrx_word' id='word_1_166' title='bbox 813 3033 881 3106; x_wconf 91' lang='lat' dir='ltr'>llla</span> <span class='ocrx_word' id='word_1_167' title='bbox 903 3031 1063 3107; x_wconf 83' lang='lat' dir='ltr'>historiae</span> <span class='ocrx_word' id='word_1_168' title='bbox 1087 3029 1263 3128; x_wconf 89' lang='lat' dir='ltr'>particula</span> 
     </span>
     <span class='ocr_line' id='line_1_25' title="bbox 201 3149 1263 3245; baseline -0.003 -24"><span class='ocrx_word' id='word_1_169' title='bbox 201 3173 247 3221; x_wconf 87' lang='lat' dir='ltr'>ex</span> <span class='ocrx_word' id='word_1_170' title='bbox 271 3173 345 3245; x_wconf 88' lang='lat' dir='ltr'>qua</span> <span class='ocrx_word' id='word_1_171' title='bbox 368 3155 588 3245; x_wconf 89' lang='lat' dir='ltr'>argumenta</span> <span class='ocrx_word' id='word_1_172' title='bbox 610 3173 678 3222; x_wconf 89' lang='lat' dir='ltr'>sua</span> <span class='ocrx_word' id='word_1_173' title='bbox 700 3149 951 3238; x_wconf 89' lang='lat' dir='ltr'>desumebant‚</span> <span class='ocrx_word' id='word_1_174' title='bbox 970 3175 1045 3224; x_wconf 91' lang='lat' dir='ltr'>non</span> <span class='ocrx_word' id='word_1_175' title='bbox 1061 3161 1135 3223; x_wconf 87' lang='lat' dir='ltr'>tam</span> <span class='ocrx_word' id='word_1_176' title='bbox 1154 3154 1263 3222; x_wconf 85' lang='lat' dir='ltr'>certae</span> 
     </span>
     <span class='ocr_line' id='line_1_26' title="bbox 202 3264 1262 3361; baseline -0.001 -23"><span class='ocrx_word' id='word_1_177' title='bbox 202 3271 281 3339; x_wconf 88' lang='lat' dir='ltr'>erat</span> <span class='ocrx_word' id='word_1_178' title='bbox 306 3265 472 3339; x_wconf 85' lang='lat' dir='ltr'>scientiae</span> <span class='ocrx_word' id='word_1_179' title='bbox 488 3274 532 3338; x_wconf 90' lang='lat' dir='ltr'>ut</span> <span class='ocrx_word' id='word_1_180' title='bbox 558 3267 699 3338; x_wconf 91' lang='lat' dir='ltr'>nullum</span> <span class='ocrx_word' id='word_1_181' title='bbox 721 3265 922 3340; x_wconf 89' lang='lat' dir='ltr'>inventioni</span> <span class='ocrx_word' id='word_1_182' title='bbox 947 3268 1067 3340; x_wconf 89' lang='lat' dir='ltr'>locum</span> <span class='ocrx_word' id='word_1_183' title='bbox 1084 3264 1262 3361; x_wconf 90' lang='lat' dir='ltr'>relinque·</span> 
     </span>
     <span class='ocr_line' id='line_1_27' title="bbox 203 3382 1261 3471; baseline -0.001 -15"><span class='ocrx_word' id='word_1_184' title='bbox 203 3388 280 3456; x_wconf 88' lang='lat' dir='ltr'>ret:</span> <span class='ocrx_word' id='word_1_185' title='bbox 317 3384 438 3457; x_wconf 86' lang='lat' dir='ltr'>multa</span> <span class='ocrx_word' id='word_1_186' title='bbox 463 3382 509 3456; x_wconf 88' lang='lat' dir='ltr'>de</span> <span class='ocrx_word' id='word_1_187' title='bbox 536 3405 604 3456; x_wconf 90' lang='lat' dir='ltr'>suo</span> <span class='ocrx_word' id='word_1_188' title='bbox 632 3383 793 3456; x_wconf 89' lang='lat' dir='ltr'>intexere</span> <span class='ocrx_word' id='word_1_189' title='bbox 821 3383 937 3471; x_wconf 87' lang='lat' dir='ltr'>licuit,</span> <span class='ocrx_word' id='word_1_190' title='bbox 963 3382 1184 3458; x_wconf 82' lang='lat' dir='ltr'>omniafere</span> <span class='ocrx_word' id='word_1_191' title='bbox 1216 3383 1261 3455; x_wconf 88' lang='lat' dir='ltr'>ad</span> 
     </span>
     <span class='ocr_line' id='line_1_28' title="bbox 200 3500 1263 3605; baseline 0 -32"><span class='ocrx_word' id='word_1_192' title='bbox 200 3500 393 3574; x_wconf 87' lang='lat' dir='ltr'>arbitrium</span> <span class='ocrx_word' id='word_1_193' title='bbox 411 3525 522 3605; x_wconf 85' lang='lat' dir='ltr'>suum</span> <span class='ocrx_word' id='word_1_194' title='bbox 536 3524 775 3598; x_wconf 88' lang='lat' dir='ltr'>componere:</span> <span class='ocrx_word' id='word_1_195' title='bbox 800 3508 881 3574; x_wconf 88' lang='lat' dir='ltr'>turn</span> <span class='ocrx_word' id='word_1_196' title='bbox 894 3526 981 3576; x_wconf 90' lang='lat' dir='ltr'>vero</span> <span class='ocrx_word' id='word_1_197' title='bbox 998 3503 1154 3575; x_wconf 88' lang='lat' dir='ltr'>istorum</span> <span class='ocrx_word' id='word_1_198' title='bbox 1171 3510 1263 3574; x_wconf 89' lang='lat' dir='ltr'>tern-</span> 
     </span>
     <span class='ocr_line' id='line_1_29' title="bbox 202 3617 1264 3718; baseline -0.002 -25"><span class='ocrx_word' id='word_1_199' title='bbox 202 3645 334 3717; x_wconf 91' lang='lat' dir='ltr'>porum</span> <span class='ocrx_word' id='word_1_200' title='bbox 360 3643 525 3718; x_wconf 79' lang='lat' dir='ltr'>personae</span> <span class='ocrx_word' id='word_1_201' title='bbox 551 3628 589 3696; x_wconf 92' lang='lat' dir='ltr'>et</span> <span class='ocrx_word' id='word_1_202' title='bbox 615 3645 766 3695; x_wconf 90' lang='lat' dir='ltr'>numero</span> <span class='ocrx_word' id='word_1_203' title='bbox 790 3624 915 3695; x_wconf 87' lang='lat' dir='ltr'>multae</span> <span class='ocrx_word' id='word_1_204' title='bbox 941 3626 1044 3696; x_wconf 88' lang='lat' dir='ltr'>erant</span> <span class='ocrx_word' id='word_1_205' title='bbox 1068 3627 1106 3694; x_wconf 90' lang='lat' dir='ltr'>et</span> <span class='ocrx_word' id='word_1_206' title='bbox 1131 3617 1264 3717; x_wconf 91' lang='lat' dir='ltr'>poetici</span> 
     </span>
     <span class='ocr_line' id='line_1_30' title="bbox 201 3736 1266 3834; baseline -0.002 -23"><span class='ocrx_word' id='word_1_207' title='bbox 201 3737 334 3822; x_wconf 85' lang='lat' dir='ltr'>coloris</span> <span class='ocrx_word' id='word_1_208' title='bbox 352 3748 389 3811; x_wconf 92' lang='lat' dir='ltr'>et</span> <span class='ocrx_word' id='word_1_209' title='bbox 407 3737 540 3812; x_wconf 90' lang='lat' dir='ltr'>indolis</span> <span class='ocrx_word' id='word_1_210' title='bbox 565 3736 685 3811; x_wconf 86' lang='lat' dir='ltr'>liberae</span> <span class='ocrx_word' id='word_1_211' title='bbox 707 3749 818 3834; x_wconf 90' lang='lat' dir='ltr'>atque</span> <span class='ocrx_word' id='word_1_212' title='bbox 839 3739 1009 3826; x_wconf 87' lang='lat' dir='ltr'>audaois;</span> <span class='ocrx_word' id='word_1_213' title='bbox 1042 3763 1115 3812; x_wconf 90' lang='lat' dir='ltr'>non</span> <span class='ocrx_word' id='word_1_214' title='bbox 1141 3739 1266 3834; x_wconf 88' lang='lat' dir='ltr'>itaque</span> 
     </span>
     <span class='ocr_line' id='line_1_31' title="bbox 201 3854 1263 3951; baseline 0.002 -26"><span class='ocrx_word' id='word_1_215' title='bbox 201 3854 450 3951; x_wconf 90' lang='lat' dir='ltr'>impediebant</span> <span class='ocrx_word' id='word_1_216' title='bbox 462 3866 610 3951; x_wconf 91' lang='lat' dir='ltr'>poetam</span> <span class='ocrx_word' id='word_1_217' title='bbox 623 3879 733 3928; x_wconf 88' lang='lat' dir='ltr'>suum</span> <span class='ocrx_word' id='word_1_218' title='bbox 746 3857 809 3929; x_wconf 91' lang='lat' dir='ltr'>sed</span> <span class='ocrx_word' id='word_1_219' title='bbox 822 3857 1004 3930; x_wconf 89' lang='lat' dir='ltr'>ducebant</span> <span class='ocrx_word' id='word_1_220' title='bbox 1018 3857 1056 3930; x_wconf 90' lang='lat' dir='ltr'>in</span> <span class='ocrx_word' id='word_1_221' title='bbox 1072 3857 1174 3929; x_wconf 93' lang='lat' dir='ltr'>illam</span> <span class='ocrx_word' id='word_1_222' title='bbox 1187 3878 1263 3927; x_wconf 89' lang='lat' dir='ltr'>ma·</span> 
     </span>
     <span class='ocr_line' id='line_1_32' title="bbox 200 3971 1263 4070; baseline 0 -26"><span class='ocrx_word' id='word_1_223' title='bbox 200 3971 333 4044; x_wconf 88' lang='lat' dir='ltr'>teriam</span> <span class='ocrx_word' id='word_1_224' title='bbox 363 3995 412 4046; x_wconf 86' lang='lat' dir='ltr'>ex</span> <span class='ocrx_word' id='word_1_225' title='bbox 445 3997 519 4070; x_wconf 88' lang='lat' dir='ltr'>qua</span> <span class='ocrx_word' id='word_1_226' title='bbox 553 3973 755 4046; x_wconf 86' lang='lat' dir='ltr'>uberrimos</span> <span class='ocrx_word' id='word_1_227' title='bbox 790 3973 951 4046; x_wconf 89' lang='lat' dir='ltr'>delectus</span> <span class='ocrx_word' id='word_1_228' title='bbox 980 3975 1125 4048; x_wconf 85' lang='lat' dir='ltr'>faceret.</span> <span class='ocrx_word' id='word_1_229' title='bbox 1177 3971 1263 4044; x_wconf 92' lang='lat' dir='ltr'>Huc</span> 
     </span>
     <span class='ocr_line' id='line_1_33' title="bbox 202 4088 1264 4188; baseline 0.001 -28"><span class='ocrx_word' id='word_1_230' title='bbox 202 4094 344 4184; x_wconf 87' lang='lat' dir='ltr'>spectat</span> <span class='ocrx_word' id='word_1_231' title='bbox 367 4099 478 4184; x_wconf 89' lang='lat' dir='ltr'>atque</span> <span class='ocrx_word' id='word_1_232' title='bbox 502 4088 589 4162; x_wconf 90' lang='lat' dir='ltr'>hinc</span> <span class='ocrx_word' id='word_1_233' title='bbox 609 4100 777 4164; x_wconf 87' lang='lat' dir='ltr'>exortum</span> <span class='ocrx_word' id='word_1_234' title='bbox 803 4098 859 4165; x_wconf 90' lang='lat' dir='ltr'>est</span> <span class='ocrx_word' id='word_1_235' title='bbox 881 4091 1089 4166; x_wconf 88' lang='lat' dir='ltr'>Aristotelis</span> <span class='ocrx_word' id='word_1_236' title='bbox 1106 4112 1264 4188; x_wconf 86' lang='lat' dir='ltr'>praecep·</span> 
     </span>
     <span class='ocr_line' id='line_1_34' title="bbox 203 4205 1266 4308; baseline 0.002 -32"><span class='ocrx_word' id='word_1_237' title='bbox 203 4216 286 4278; x_wconf 90' lang='lat' dir='ltr'>tum</span> <span class='ocrx_word' id='word_1_238' title='bbox 315 4229 358 4278; x_wconf 86' lang='lat' dir='ltr'>ex</span> <span class='ocrx_word' id='word_1_239' title='bbox 387 4205 627 4303; x_wconf 86' lang='lat' dir='ltr'>Tragicorum</span> <span class='ocrx_word' id='word_1_240' title='bbox 648 4207 752 4303; x_wconf 87' lang='lat' dir='ltr'>praxi</span> <span class='ocrx_word' id='word_1_241' title='bbox 779 4207 1026 4308; x_wconf 89' lang='lat' dir='ltr'>desumptum.</span> <span class='ocrx_word' id='word_1_242' title='bbox 1080 4205 1266 4281; x_wconf 88' lang='lat' dir='ltr'>Carebant</span> 
     </span>
    </p>
   </div>
   <div class='ocr_carea' id='block_1_3' title="bbox 201 4321 1263 4516">
    <p class='ocr_par' dir='ltr' id='par_1_3' title="bbox 201 4321 1263 4516">
     <span class='ocr_line' id='line_1_35' title="bbox 201 4321 1263 4420; baseline 0 -26"><span class='ocrx_word' id='word_1_243' title='bbox 201 4323 301 4395; x_wconf 89' lang='lat' dir='ltr'>enlm</span> <span class='ocrx_word' id='word_1_244' title='bbox 319 4321 370 4395; x_wconf 91' lang='lat' dir='ltr'>illi</span> <span class='ocrx_word' id='word_1_245' title='bbox 389 4323 536 4420; x_wconf 89' lang='lat' dir='ltr'>proprio</span> <span class='ocrx_word' id='word_1_246' title='bbox 559 4323 721 4398; x_wconf 90' lang='lat' dir='ltr'>subsidio</span> <span class='ocrx_word' id='word_1_247' title='bbox 747 4325 777 4399; x_wconf 91' lang='lat' dir='ltr'>si</span> <span class='ocrx_word' id='word_1_248' title='bbox 795 4332 899 4400; x_wconf 86' lang='lat' dir='ltr'>extra</span> <span class='ocrx_word' id='word_1_249' title='bbox 915 4326 1103 4399; x_wconf 88' lang='lat' dir='ltr'>historiam</span> <span class='ocrx_word' id='word_1_250' title='bbox 1122 4322 1263 4418; x_wconf 86' lang='lat' dir='ltr'>evagati</span> 
     </span>
     <span class='ocr_line' id='line_1_36' title="bbox 701 4444 766 4516; baseline 0.031 -2"><span class='ocrx_word' id='word_1_251' title='bbox 701 4466 723 4514; x_wconf 87' lang='lat' dir='ltr'>s</span> <span class='ocrx_word' id='word_1_252' title='bbox 742 4444 766 4516; x_wconf 95' lang='lat' dir='ltr'>b</span> 
     </span>
    </p>
   </div>
   <div class='ocr_carea' id='block_1_4' title="bbox 0 0 1540 4902">
    <p class='ocr_par' dir='ltr' id='par_1_4' title="bbox 0 0 1540 4902">
     <span class='ocr_line' id='line_1_37' title="bbox 0 0 1540 4902; baseline 0 0"><span class='ocrx_word' id='word_1_253' title='bbox 0 0 1540 4902; x_wconf 95' lang='lat' dir='ltr'> </span> 
     </span>
    </p>
   </div>
  </div>
 </body>
</html>
