3096 4886
567 299 781 350 ennonorro
801 299 955 360 omnm.
1246 281 1289 346 73

225 447 382 544 politieae
398 444 522 543 potius
541 443 739 541 disoip'linae
756 449 823 530 est,
844 441 934 516 illud
953 442 1135 538 respicias¹
1156 445 1287 542 quibus

225 563 396 659 gradibus
414 560 580 649 accrevit,
600 568 638 633 et
655 559 786 657 quibus
804 558 973 632 subsidiis
991 559 1144 633 adaucta
1161 569 1228 648 est,
1244 587 1287 636 ea

226 705 308 776 quae
323 685 428 752 tanto
446 702 532 752 curn
555 676 745 774 splendore
768 682 894 772 postea
920 675 1056 749 effulsit
1074 674 1288 751 Graeoorum

226 796 353 892 gloria,
373 818 484 891 quam
508 793 655 866 interim
680 791 711 866 si
736 799 840 866 tanto
866 817 951 867 cum
977 799 1126 890 stupore
1152 795 1287 868 intueri

225 913 398 998 solemus,
425 934 493 984 neo
514 933 599 982 vero
624 933 667 982 ea
692 909 772 1006 ipsa
797 909 842 982 de
867 932 976 982 causa
1003 908 1285 983 Homericorurn

226 1038 435 1125 temporum
451 1027 621 1100 notitiam
637 1050 787 1123 prorsus
802 1027 1047 1125 repudiemus.

276 1143 375 1220 Quin
403 1149 441 1216 et
463 1144 553 1216 illud
579 1167 625 1216 ex
647 1143 720 1216 hoo
739 1149 954 1239 argumento
976 1143 1080 1217 facile
1104 1145 1282 1241 sequitur,

224 1261 256 1333 si
282 1259 498 1334 recentiores
527 1258 644 1333 Graeci
670 1259 809 1332 oaeteris
836 1259 910 1331 fere
937 1258 1106 1333 omnibus
1132 1270 1170 1333 et
1196 1259 1283 1334 doe-

225 1375 320 1448 trina
336 1382 375 1449 et
391 1376 539 1448 militari
555 1374 670 1471 glorie
686 1381 970 1462 antecesserunt,
989 1373 1101 1448 fuisse
1118 1374 1283 1470 quaedam

226 1493 338 1564 etiem
364 1492 561 1588 majoribus
595 1490 669 1564 suis
700 1489 857 1587 propria.
911 1488 993 1564 Sint
1026 1489 1181 1578 barbari,
1210 1489 1284 1564 sint

226 1608 357 1681 inculti
368 1637 378 1694 ;
406 1607 504 1705 quod
522 1607 553 1680 si
574 1607 687 1680 tantis
714 1607 822 1679 rebus
847 1605 950 1680 initis
973 1605 1150 1694 dederint,
1177 1617 1284 1682 erunt

227 1747 308 1820 quae
335 1725 417 1797 illos
445 1747 521 1819 pree
546 1720 685 1796 caeteris
712 1723 933 1794 extulerunt.
987 1720 1058 1796 Sed
1085 1731 1122 1796 et
1144 1722 1223 1797 haec
1246 1729 1284 1797 et

226 1842 326 1915 illam
360 1839 471 1916 etiam
497 1840 748 1937 quaestionem‚
778 1862 944 1936 quaenam
977 1863 1023 1912 ex
1056 1839 1127 1912 hoc
1159 1863 1283 1913 rerum

226 1963 327 2031 statu
349 1957 470 2031 Poetae
497 1955 658 2030 subsidia
688 1956 811 2028 oblata
838 1961 942 2029 erent
968 1952 1038 2028 alio
1059 1955 1164 2030 nobis
1187 1963 1281 2030 tem·

228 2098 317 2172 pore
334 2073 561 2149 discutienda
576 2071 827 2170 relinquimus.
