3094 4898
563 336 776 386 remancrro
796 337 908 386 sorr.
1006 329 1010 344 “
1200 332 1263 392 153

209 488 367 563 sabatur.
420 485 511 561 Telo
556 495 729 577 extracto,
774 491 908 562 vulnus
953 490 1133 577 lavabant,
1174 515 1261 564 mox

207 609 370 703 plantam
408 605 526 703 ipsam
560 606 702 679 vulneri
740 605 997 695 admovebant,
1035 609 1094 681 vel
1127 608 1264 682 mixtos

208 724 392 808 variarum
410 723 606 798 herbarum
624 747 753 798 succos
766 755 827 798 :-

646 889 716 942 -a
728 891 810 959 νννοῦ
824 869 902 958 τάμνε
915 889 1029 962 νικαῖον

368 981 433 1052 'obi
446 983 528 1049 βελος
541 983 700 1056 περιπευκές,
715 982 760 1040 ἄπ’
774 985 853 1040 atros
866 982 891 1040 δ’
905 981 967 1056 οἶμα
980 987 1099 1041 κελαινὸν

368 1080 430 1148 llis
446 1079 519 1135 ὕδατι
532 1083 624 1156 λιαρῷ,
639 1082 682 1136 ἐπὶ
695 1081 723 1136 δὲ
736 1081 810 1154 ῥίζαν
822 1082 891 1146 βάλε
904 1082 997 1156 πικρὴν
1061 1133 1069 1156 ,

364 1177 449 1248 Χερσί
463 1178 604 1250 διατρίψας
617 1176 781 1250 ὀδυνήφατον
789 1181 810 1233 ¹¹.

207 1321 356 1394 Intcma
381 1320 644 1396 medicamenta
669 1323 833 1395 nondum
856 1325 967 1419 vulgo
993 1324 1031 1397 in
1056 1349 1127 1399 usu
1154 1324 1264 1398 saissa

207 1445 318 1534 atque
345 1438 436 1511 adeo
470 1438 625 1534 prodigii
659 1441 738 1513 loco
768 1439 893 1513 habita
921 1440 1053 1516 indicio
1084 1449 1140 1516 est
1173 1442 1263 1516 illud

208 1555 366 1630 Helenes
385 1555 595 1652 Nepenthes
608 1579 670 1626 :—

366 1717 452 1774 Abrix’
466 1715 508 1789 ἄρ’
522 1718 560 1776 είς
573 1693 643 1773 οἶνον
655 1718 724 1784 βάλε
737 1720 884 1790 φάρμακον,
898 1719 971 1774 ἔνθεν
984 1719 1079 1786 ἔπινον,

361 1815 502 1884 Νηπενθές
516 1815 538 1869 τ’
553 1814 653 1886 ἄχολόν
665 1837 703 1882 τε,
720 1821 803 1870 κακῶν
815 1815 941 1884 ἐπίληθον
954 1817 1080 1875 ἀπάντων·

361 1913 409 1970 ’ος
422 1913 452 1966 τδ
466 1911 660 2000 καταβραξείεν,
677 1911 740 1981 ίπην
753 1914 859 1984 κρητῆρι
872 1913 969 1984 μιγείη,

368 2010 422 2065 Οὐκ
435 2010 467 2064 ἄν
481 2010 621 2080 ἐφημέριός
634 2030 665 2078 γε
677 2011 758 2075 βάλοι
771 2011 834 2063 κατὰ
848 2010 929 2079 δάκρυ
943 2013 1062 2082 ποριῖων,

366 2104 427 2160 Οὐδ’
443 2103 468 2160 εἴ
478 2107 503 2160 oi
519 2105 685 2173 κατατεθναίη
699 2103 783 2176 μίητηρ
796 2127 825 2159 τε
839 2104 924 2177 πατήρ
938 2129 976 2167 τε,
1047 2105 1053 2117 ’

365 2202 426 2258 Οὐδ
440 2201 466 2257 εἴ
477 2205 502 2258 ol
514 2201 691 2274 προπάροιθεν
705 2203 836 2273 ἀδελφεὸν
849 2200 864 2271 ἢ
879 2203 962 2274 φίλον
976 2205 1031 2258 viria

366 2303 460 2374 Χαλκῷ
475 2301 588 2376 δηῖόορεν,
604 2303 617 2354 ά
632 2297 655 2354 δ’
670 2297 850 2370 ὀφθαλμοῖσιν
863 2302 946 2376 ὁρῷτο
955 2305 975 2355 ¹.

205 2444 262 2518 Ex
290 2445 416 2518 eodem
444 2445 523 2517 loco
550 2451 653 2541 patet
681 2443 827 2517 Graecos
856 2444 902 2517 ab
929 2444 1117 2541 AEgyptiis
1145 2455 1260 2519 artem

206 2585 311 2635 suam
335 2574 535 2648 mutuasse,
561 2585 716 2657 quorum
743 2561 956 2634 medicinam
983 2561 1133 2634 laudant
1160 2586 1259 2659 mag-

205 2677 320 2751 nificis
339 2677 454 2751 verbis
475 2677 688 2751 Herodotus
709 2684 746 2751 et
763 2678 982 2752 Diodomsl.
1036 2679 1177 2774 Singuli
1197 2703 1259 2752 au-

204 2805 279 2870 tem
305 2796 402 2892 apud
418 2795 615 2892 AEgyptios
642 2795 680 2867 in
697 2795 849 2890 singulis
874 2796 1008 2869 morbis
1024 2797 1261 2871 versabantur

204 2912 353 3000 medici;
382 2937 463 3009 quaa
485 2914 631 3009 quidem
658 2913 737 3010 ipsa
765 2937 821 2986 res
847 2937 927 2985 mea
951 2913 1130 2986 sententia
1155 2938 1259 3010 argu·

204 3043 329 3105 mento
347 3055 425 3104 esse
443 3037 565 3128 potest
588 3054 664 3104 non
681 3055 723 3104 ex
745 3031 894 3105 scientia
911 3031 974 3104 sed
994 3055 1039 3104 ex
1057 3056 1127 3104 asu
1144 3044 1259 3106 artem

205 3173 309 3222 suam
339 3147 546 3222 accrevisse.
601 3133 758 3222 Scientia
787 3149 895 3235 enim,
923 3171 1003 3245 quae
1029 3147 1280 3224 Universalia·

116 3281 121 3288 '
205 3266 469 3363 complectitur,
489 3268 560 3340 late
583 3274 695 3364 patet.
749 3266 846 3340 Usus
871 3272 909 3339 et
933 3267 1155 3363 experientia
1179 3293 1259 3366 quae

203 3386 243 3456 in
260 3382 535 3479 particularibus
553 3391 743 3457 versantur
759 3384 853 3457 intra
879 3384 1040 3458 modicos
1057 3386 1148 3458 fines
1172 3411 1259 3460 con-

204 3503 350 3586 sistunt,
369 3511 405 3574 et
432 3524 475 3572 eo
501 3502 633 3572 certius
660 3525 812 3598 scopum
837 3525 945 3574 suum
971 3502 1167 3598 attingant,
1185 3528 1259 3599 quo

204 3617 473 3713 angustioribus
490 3640 528 3688 se
546 3615 718 3690 limitibus
736 3618 921 3690 claudunt.

254 3734 311 3807 De
338 3733 565 3830 Geographia
589 3733 783 3807 Homerica
809 3734 879 3807 alia
904 3733 1084 3807 sententia
1108 3733 1260 3809 dicenda

204 3861 271 3926 est.
315 3851 371 3924 Ex
398 3851 467 3923 hac
494 3851 642 3923 demum
670 3861 772 3949 parte
803 3851 1053 3948 perfectiorem
1084 3852 1194 3924 habes
1221 3866 1258 3927 et

203 3969 377 4043 veriorem
423 3967 631 4056 Scientiam,
675 3969 738 4042 sed
778 3969 877 4041 illam
916 3991 1032 4064 neque
1074 3967 1257 4066 principiis

204 4085 476 4160 Mathematicis
506 4109 622 4182 neque
648 4086 782 4159 tabulis
811 4083 1072 4182 Geographicis
1102 4087 1257 4162 instruc-

243 4297 255 4321 ¹¹
276 4286 321 4344 Il.
338 4304 367 4348 Λ.
385 4289 452 4363 843.
789 4300 801 4338 ⁷
823 4291 944 4362 Herod,
961 4291 980 4349 l.
997 4291 1026 4350 ii.
1044 4313 1068 4352 c.
1087 4295 1140 4367 843
1168 4293 1254 4354 Diod.

244 4377 254 4400 ¹
279 4367 376 4446 Odysr.
393 4383 422 4427 A.
440 4387 505 4429 220.
749 4371 818 4445 Sia,
835 4369 853 4429 l.
871 4371 890 4430 i.
906 4392 933 4430 c.
948 4373 995 4431 82.
