3058 4902
488 326 701 376 amirario
721 327 989 380 oraim-norm.
1188 318 1255 382 319

200 471 376 546 Dolorem
404 470 513 546 etiam
544 499 653 549 suum
684 482 722 550 et
755 501 928 574 angorem
957 477 1071 552 animi
1101 479 1257 553 declarat

201 588 362 662 Achilles
374 619 437 662 :—

436 730 522 786 ’Allo
534 753 579 802 μοι
593 732 722 788 οἰδάνεται
735 733 827 806 κραδίη
840 738 945 810 χόλῳ).

200 880 257 954 Ita
283 904 326 953 ea
351 880 471 987 omnia
498 905 578 978 quae
604 883 873 958 Aristotelicum
901 887 1087 983 complent
1115 887 1256 960 Defini-

198 995 336 1070 tiouem
352 1019 373 1068 a
390 1002 498 1093 poeta
517 1022 591 1072 non
615 1000 743 1072 leviter
760 1001 1105 1077 adumbrantursed
1123 1004 1257 1077 diserte

201 1117 239 1185 el
268 1136 334 1187 suo
362 1137 513 1210 quaeque
542 1112 580 1187 iu
614 1115 707 1188 loco.
762 1115 857 1190 Sunt
891 1129 928 1192 et
958 1120 1028 1191 alia
1058 1144 1138 1215 quae
1173 1143 1255 1193 cum

201 1227 337 1300 minora
363 1229 435 1301 siut
461 1229 612 1303 fortasse
637 1231 788 1327 hujusce
814 1233 965 1309 affectus
983 1234 1127 1322 indicia,
1147 1241 1184 1308 el
1210 1236 1255 1308 ab

201 1343 245 1416 iis
263 1367 344 1440 quse
362 1345 517 1419 diximus
534 1347 733 1443 profluunt,
754 1355 791 1422 et
807 1347 893 1423 uera
910 1361 996 1424 sunt
1013 1361 1135 1424 tamen
1153 1356 1190 1423 el
1211 1375 1256 1423 ex

200 1455 329 1528 intima
349 1479 489 1528 morum
506 1457 751 1533 humanorum
772 1463 922 1536 scientia
940 1463 1103 1535 deducta.
1157 1461 1253 1534 Iram

198 1575 372 1666 tanquam
385 1569 576 1642 subdolam
590 1577 627 1642 ct
639 1571 802 1645 fallacem
816 1582 1006 1648 execratur
1017 1574 1180 1648 Achilles
1194 1605 1256 1646 :-

357 1743 403 1802 Ὠι
416 1745 470 1817 ἔρις
482 1745 510 1800 ἔκ
523 1768 552 1800 τε
565 1746 632 1801 θεῶν
646 1747 673 1802 ἔκ
687 1741 711 1802 τ’
727 1746 870 1819 ἀνθρώπων
880 1749 1006 1804 ἇπᾶλοιτο

365 1840 413 1894 Καὶ
425 1842 517 1911 χόλος,
533 1839 591 1894 ὅστ’
606 1821 700 1912 idipso
713 1840 871 1914 πολύφρονά
882 1866 933 1913 περ
945 1845 1098 1915 χαλεπῆναι,

352 1934 435 1990 'Octo
449 1936 519 1990 πολὺ
531 1937 646 2008 γλυκίων
659 1939 767 2006 μέλιτος
780 1941 1010 2008 καταλειβομένοιο

356 2030 470 2103 Ἀνδρῶν
483 2033 511 2086 εἰν
524 2029 671 2102 στήθεσσιν
685 2033 787 2102 digeror
800 2031 864 2104 ἠΰτε
878 2038 999 2091 κάππ’.

199 2180 340 2255 Verum
371 2192 426 2255 est
454 2181 629 2278 siquidem
665 2183 702 2256 in
733 2207 878 2256 summo
907 2182 1018 2258 animi
1052 2184 1175 2258 dolore
1201 2183 1255 2256 in·

200 2297 341 2372 sinuare
368 2322 446 2372 sese
463 2299 662 2394 voluptatis
689 2301 860 2395 quiddam
882 2301 970 2373 dum
996 2301 1157 2375 futuram
1175 2301 1255 2373 vin·

200 2413 335 2491 dictam
362 2439 464 2489 meus
490 2417 696 2512 prospicere
722 2422 759 2489 et
785 2417 928 2491 haurire
957 2418 1129 2512 gestitet
1157 2441 1254 2490 novo

201 2531 328 2604 exinde
344 2532 483 2628 impetu
501 2529 625 2604 fervet.
678 2531 758 2604 Nec
775 2545 860 2607 vero
882 2557 1010 2629 expers
1029 2539 1085 2606 est
1102 2531 1254 2605 rationis

200 2645 397 2734 iracundia,
426 2647 463 2719 iu
492 2646 724 2744 disquirendo
754 2647 850 2721 enim
885 2673 994 2745 quam
1025 2648 1102 2720 haec
1132 2648 1255 2719 omnia

200 2763 354 2836 fortunis
388 2770 425 2837 et
458 2765 597 2838 meritis
625 2763 758 2840 nostris
792 2763 939 2860 indigna
965 2772 1053 2838 sunt
1080 2765 1254 2836 acriorem

200 2879 368 2976 spiritum
392 2882 627 2977 concipimus.
682 2881 782 2954 Hinc
806 2880 846 2953 in
876 2885 932 2953 1¹⁰⁰
957 2892 994 2954 et
1018 2881 1054 2954 iu
1084 2877 1136 2951 2¹¹⁰
1162 2879 1254 2952 libro

201 2997 338 3070 multus
356 3005 413 3070 est
429 2998 590 3070 Achilles
617 3005 654 3072 et
679 3021 801 3071 coram
826 2997 908 3095 ipso
925 2998 1199 3094 Agamemnone
1217 3000 1255 3069 et

199 3113 326 3209 legatis
340 3112 550 3189 Graecorum
564 3114 598 3186 in
614 3115 837 3212 exponendis
851 3115 927 3188 suis
940 3113 1088 3212 injuriis.
1112 3113 1255 3187 Rursus

199 3229 402 3304 fortitudini
418 3230 568 3305 inservit
586 3232 639 3305 ira
661 3232 772 3306 itaut
798 3256 872 3305 non
889 3231 1070 3308 immerito
1088 3230 1256 3303 videatur

200 3344 420 3422 fortitudinis
438 3349 576 3444 species
594 3349 760 3445 quaedam
771 3355 798 3422 ⁸:
820 3349 906 3422 hinc
921 3348 1012 3420 illud
1026 3347 1179 3420 Homeri
1192 3370 1255 3418 :-

516 3530 558 3541 -
570 3523 648 3567 μενοι·
661 3503 703 3556 καὶ
717 3499 798 3571 θύμον
811 3501 895 3573 ι’γεῖρε
904 3494 928 3554 b.

200 3627 464 3729 ἶτητικῶτατον
496 3629 582 3735 γὰρ,
615 3640 665 3713 ait
699 3637 926 3725 Aristoteles,
957 3629 977 3708 d
1013 3623 1129 3727 θυμὸς
1161 3622 1255 3729 πρὸς

199 3751 512 3843 τοὺσκινδύνους.
566 3766 822 3841 Misericordiae
851 3773 888 3840 el
915 3763 1086 3863 quicquid
1117 3769 1172 3836 est
1203 3763 1253 3834 le-

199 3881 310 3955 nioris
328 3883 478 3957 affectus
496 3909 540 3958 ex
558 3886 710 3958 adverso
729 3883 925 3980 opponitur
936 3891 958 3954 ⁰.
1012 3880 1109 3953 Hinc
1125 3877 1251 3951 Achil-

239 4074 335 4144 ’μετὰ
366 4076 461 4144 λυπῆε.
503 4073 602 4145 Rhea,
628 4072 649 4131 l.
675 4072 704 4133 ll.
747 4070 768 4130 l.
784 4069 825 4130 iii.
842 4089 867 4130 ο.
884 4071 912 4128 8.

200 4148 275 4210 b.a.
316 4148 443 4210 Definit.
485 4152 653 4228 11.1.642.
787 4148 1075 4225 ‘’vinanpo.

240 4227 315 4287 ¹11.
332 4243 360 4288 Σ.
381 4248 447 4310 107.
788 4229 891 4290 ‘Via
920 4229 1015 4288 Arist.
1044 4224 1145 4294 Rhea,
1172 4223 1192 4283 l.
1209 4223 1251 4293 ii.

238 4308 340 4369 ·Vid.
362 4309 462 4369 Arist.
485 4311 560 4373 Eeb.
581 4313 707 4383 Nicon„
749 4329 775 4370 c.
790 4328 842 4385 3-
855 4329 899 4368 11.
