3058 4908
290 305 357 368 236
551 312 767 361 PaAEnncrlo
787 311 1090 371 nucina-omnm.

289 467 382 541 illud
416 467 517 539 mirae
551 463 750 538 dulcedinis
784 462 1001 536 facultatum
1030 464 1237 535 nostrarum
1271 459 1349 532 sine

290 585 399 656 taedio
416 593 454 655 et
470 581 593 655 labore
606 582 681 653 vim
700 579 833 653 sentire
851 585 889 652 ct
906 603 965 652 eas
982 580 1020 650 iu
1039 601 1147 650 usum
1164 577 1347 650 suscitare.

291 695 427 770 Contra
443 705 569 768 autem
586 719 668 791 quae
685 717 810 767 coram
826 702 912 765 ante
936 692 1062 765 oculos
1080 690 1273 786 prodeunt,
1291 690 1349 762 vel

292 838 373 912 quaa
398 811 445 886 ab
471 811 551 884 aliis
578 835 640 884 ore
666 818 776 884 tenus
801 808 998 906 accipimus
1024 808 1189 880 animum
1215 805 1349 878 habent

291 928 414 1002 minus
437 953 592 1002 vacuum
618 934 656 1001 et
683 928 845 1000 solutum
871 931 981 1022 atque
1007 949 1051 998 ea
1075 923 1155 1020 ipsa
1178 923 1222 996 de
1241 946 1351 996 cansa

289 1047 388 1119 intra
415 1046 642 1143 augustiores
666 1045 756 1118 fines
784 1068 823 1116 se
853 1042 1102 1128 concludunt;
1130 1041 1193 1113 illa
1219 1065 1351 1136 nempe

291 1163 402 1238 animi
418 1164 574 1239 intentio
592 1190 673 1261 quae
690 1163 736 1236 ad
756 1162 808 1236 rei
827 1161 1058 1260 praesentiam
1075 1169 1113 1232 et
1136 1159 1351 1236 eduliorum

291 1282 482 1356 arbitrium
501 1305 539 1354 se
562 1287 698 1368 movet,
717 1303 790 1376 quo
814 1279 928 1374 major
949 1276 1008 1364 sit,
1028 1301 1073 1351 eo
1096 1277 1205 1352 citius
1227 1274 1350 1348 remis·

292 1401 432 1473 sionem
462 1399 531 1472 sibi
561 1409 599 1472 et
631 1400 881 1471 laxamentum
911 1395 1051 1492 quaerit.
1104 1391 1199 1476 Quae
1227 1393 1351 1490 itaque

291 1515 388 1590 inter
415 1516 612 1612 legendum
637 1513 802 1612 jucunda
831 1521 919 1587 suut
949 1519 986 1585 et
1016 1512 1204 1584 intellectu
1234 1509 1352 1582 facilia

292 1631 491 1706 auditorem
522 1655 770 1729 saepenumero
797 1632 858 1703 vel
886 1629 992 1702 nimis
1023 1635 1203 1716 exercent,
1231 1628 1290 1699 vel
1315 1627 1350 1699 ei

292 1748 479 1822 fastidium
516 1758 677 1821 movent.
743 1746 867 1842 Atque
907 1745 993 1818 hinc
1033 1745 1197 1817 exoritur
1228 1729 1350 1839 E'picae

208 1862 213 1870 ⁵
291 1877 447 1951 Poeseos
480 1866 696 1968 πολυμυθία
735 1901 843 1974 quam
878 1885 1021 1961 vocant,
1057 1877 1116 1948 vel
1151 1875 1349 1949 honestiori

292 2007 440 2079 nomine
459 1997 766 2102 μεγαλοπρέπεια
775 1980 795 2080 ¹.
849 2005 1046 2103 Utcunque
1072 2013 1195 2079 tamen
1221 2007 1350 2079 mbae

291 2148 331 2196 re
364 2148 385 2196 a
415 2122 614 2197 dramatica
641 2123 763 2212 distet,
792 2125 904 2198 habet
937 2132 1061 2198 tamen
1088 2122 1202 2219 Epica
1227 2122 1351 2196 Possis

293 2264 380 2314 suos
409 2241 500 2314 fines
527 2265 617 2337 quos
648 2241 849 2336 transgredi
875 2266 950 2314 non
980 2240 1110 2325 datur;
1138 2241 1192 2313 sas
1218 2240 1352 2314 catilli

292 2357 439 2454 quidem
465 2356 638 2431 varietate
663 2383 786 2432 rerum
811 2365 850 2432 et
875 2381 1028 2432 numero
1053 2359 1218 2430 animum
1243 2382 1351 2432 occu·

293 2499 379 2572 pare
409 2485 446 2548 ct
476 2477 671 2572 complere,
704 2476 908 2549 cavendum
937 2483 993 2549 est
1027 2486 1148 2548 tamen
1180 2499 1229 2548 ue
1257 2477 1352 2549 mole

293 2617 360 2666 sua
376 2595 552 2667 lectorem
570 2593 762 2690 opprimat.
816 2593 923 2666 Fines
949 2601 1071 2666 autem
1089 2617 1135 2665 ex
1159 2591 1274 2665 nobili
1289 2593 1353 2666 illa

292 2711 504 2785 Aristotelis
529 2713 655 2807 regula
672 2711 881 2807 assignandi
906 2717 1003 2796 sunt,
1022 2736 1103 2806 quae
1127 2711 1166 2782 in
1183 2710 1353 2786 universa

293 2836 427 2903 natura
451 2835 489 2902 et
514 2831 553 2901 in
571 2827 739 2902 omnibus
765 2829 853 2902 artis
879 2829 1047 2925 operibus
1074 2852 1179 2901 suam
1196 2829 1270 2901 vim
1288 2830 1352 2902 ha-

293 2950 457 3032 bet-‘0
483 2947 525 3027 δὲ
551 2948 630 3028 κατ’
655 2945 771 3050 αὐτὴν
797 2944 866 3048 τὴν
889 2946 1008 3056 φύσιν
1038 2956 1106 3028 τοῦ
1133 2945 1355 3052 πράγματος

294 3077 392 3180 ὅρος,
422 3079 478 3155 ἀεὶ
496 3074 566 3176 μὲν
594 3079 614 3156 ὁ
640 3075 787 3180 μείζων,
805 3075 916 3181 μέχρι
940 3079 1007 3156 τοῦ
1031 3073 1221 3177 σύνδηλος
1246 3072 1352 3176 εἶναι,

294 3207 461 3285 καλλίων
491 3207 575 3284 ἐστὶ
604 3204 699 3285 κατὰ
729 3204 772 3287 τὸ
804 3205 1151 3313 με’γεθοςε-αῒᾳυθ
1184 3217 1280 3290 hanc
1308 3226 1354 3291 ut

294 3330 387 3403 solet
413 3354 487 3402 non
513 3355 619 3403 suam
645 3331 708 3404 sed
735 3343 874 3404 naturae
900 3333 1017 3428 legem
1038 3358 1116 3407 esse
1141 3335 1354 3430 pronuntiat

293 3447 534 3534 Aristotelcs3
564 3471 680 3545 neque
710 3449 807 3521 enim
835 3461 891 3523 cst
917 3447 1040 3523 Ouitioi
1069 3451 1157 3524 artis
1185 3452 1283 3548 leges
1309 3454 1356 3525 de

294 3589 362 3638 suo
379 3565 554 3652 invenire,
574 3566 635 3638 sed
654 3589 714 3637 cas
733 3591 813 3663 quac
836 3567 875 3639 in
893 3568 1001 3641 rebus
1019 3569 1145 3655 latent,
1164 3579 1201 3642 et
1221 3569 1260 3641 in
1277 3569 1356 3644 vita

292 3682 417 3755 furtim
439 3706 478 3755 sc
500 3681 673 3778 produnt,
693 3683 832 3781 aperire
850 3694 887 3757 et
904 3709 1085 3768 asserere;
1112 3684 1166 3757 illi
1183 3685 1294 3758 etiam
1310 3697 1353 3760 ut

293 3801 433 3874 caeteris
467 3801 638 3874 omnibus
673 3825 768 3874 verae
808 3801 1047 3900 philosophiae
1080 3801 1282 3877 cultoribus
1314 3804 1354 3876 in

292 3917 493 4013 penetralia
529 3917 616 3991 artis
658 3942 735 3992 suae
773 3944 819 3993 ex
851 3920 1002 4016 Analysi
1027 3930 1064 3993 et
1099 3919 1354 3994 “Inductione

215 4111 221 4123 ⁸
291 4035 415 4104 vcra’'
436 4032 559 4106 aditus
578 4034 695 4106 datur.
742 4033 826 4107 Non
843 4033 954 4131 igitur
971 4034 1093 4109 obstat
1109 4033 1232 4131 Epicae
1248 4034 1353 4108 Poesi

293 4148 414 4246 operis
432 4138 646 4248 magditudo
664 4153 773 4224 modo
791 4177 870 4225 eam
889 4177 964 4225 uno
980 4152 1119 4226 intuitu
1137 4178 1158 4226 a
1174 4153 1352 4252 principio

411 4319 422 4360 Υ
440 4324 538 4382 Arist.
555 4326 649 4394 Rvet„
663 4345 688 4385 c.
706 4343 752 4400 24.
1025 4335 1038 4377 Ι
1057 4325 1148 4398 Ibid.,
1162 4345 1187 4385 c.
1205 4345 1232 4404 7.
