3094 4898
567 314 779 366 runcecrro
803 316 947 376 nurrrr.
1232 295 1285 359 ·89

226 460 394 534 thuribus
421 461 623 535 celebratur
652 460 836 558 Halyattis
859 463 956 560 apud
982 461 1144 560 Delphos
1171 464 1283 537 doua-

227 578 335 651 rium.
383 577 472 650 Erat
496 585 620 651 eutem
639 578 797 652 Crateris
823 581 1091 676 receptaculum
1118 605 1164 654 ex
1190 581 1284 654 scrro

229 694 438 789 conjectum
472 701 509 766 et
546 717 642 766 nova
675 694 833 791 quedam
873 702 951 768 arte
990 694 1284 791 conglutinatum

228 811 347 906 operis
364 809 515 883 artificio
532 816 610 883 tum
635 809 931 906 conspiciendum
956 821 999 885 ut
1024 822 1209 907 superaret
1228 818 1284 885 tot

228 925 383 1021 superba
406 926 485 998 nuri
509 930 547 1000 et
563 925 707 1022 argenti
724 925 872 1000 donaria
881 933 904 999 ⁹.
957 924 1034 1000 Ex‘
1050 926 1149 1001 hisce
1174 927 1283 1000 etiarn

227 1041 452 1137 temporibus
478 1043 693 1139 desumptus
719 1053 894 1130 estmoe,
921 1068 995 1141 qun
1021 1044 1115 1117 fabri
1145 1043 1281 1118 ferrarii

229 1171 409 1245 officinam
424 1155 602 1266 χαλκεῖον
619 1173 797 1246 vocabant
822 1179 858 1244 et
883 1169 1006 1269 ipsum
1027 1171 1169 1245 fabrum
1186 1173 1281 1268 χαλ-

229 1289 316 1370 κέαε
347 1288 511 1394 χαλκέας
530 1288 794 1394 ὀνομάζουσιν,
809 1299 861 1374 ait
872 1300 1097 1387 Aristoteles,
1112 1299 1199 1376 τοῦς
1217 1287 1284 1373 τὸν

229 1419 388 1521 σίδηρον
407 1413 706 1523 ἐργαζομένους’.

279 1545 371 1619 Haec
397 1544 509 1640 igitur
539 1547 674 1620 leviora
707 1569 785 1620 esse
815 1546 969 1621 fortusse
998 1545 1164 1643 judicent
1191 1570 1283 1620 nou·

230 1661 320 1735 nulli
334 1692 342 1747 ;
370 1686 439 1736 nec
454 1685 542 1734 vero
559 1663 869 1758 praetermittenda
886 1687 964 1738 esse
980 1662 1116 1753 censui,
1135 1687 1220 1737 cum
1237 1687 1283 1736 ex

229 1775 286 1848 his
302 1774 495 1851 levioribus
513 1801 723 1874 quanquam
743 1778 850 1852 rebus
869 1784 907 1851 et
922 1777 1056 1852 artium
1073 1777 1281 1851 utilissime·

229 1917 312 1966 rum
334 1893 435 1990 origo
458 1903 495 1968 et
521 1893 647 1992 pnpuli
676 1895 815 1968 indoles
842 1893 1005 1991 dignosci
1035 1899 1168 1992 posset.
1222 1894 1280 1966 Ex

230 2008 300 2082 hoc
316 2008 417 2084 fonte
444 2011 631 2108 profluunt
648 2035 690 2084 en
707 2011 828 2085 omnia
845 2037 925 2109 quae
942 2009 1025 2086 vitae
1041 2017 1120 2084 iem
1135 2011 1280 2085 tueudae

231 2149 340 2223 quam
358 2129 561 2201 excoleudae
578 2125 791 2201 inserviunt.
846 2127 935 2200 Haec
958 2127 1075 2225 prima
1091 2126 1283 2200 homiuum

232 2243 363 2329 studia,
381 2244 444 2317 ubi
462 2269 508 2318 ex
527 2243 675 2318 incultis
701 2251 740 2319 et
764 2242 881 2317 efferis
907 2243 1070 2318 moribus
1097 2243 1284 2316 meliorem

231 2359 316 2434 vitae
339 2361 506 2434 habitum
523 2361 690 2435 affectare
711 2361 859 2448 nudent,
878 2384 994 2458 neque
1017 2359 1085 2435 hos
1103 2361 1283 2457 Agricnlae

232 2477 371 2551 iabores
388 2472 687 2575 asperneris¹12-

425 2633 485 2694 “Si
499 2640 530 2694 tc
544 2633 635 2713 dignu
648 2638 749 2694 munet
763 2632 855 2694 divini
868 2633 963 2714 glorie
975 2631 1083 2694 rurie.’'

232 2781 413 2856 claudant
436 2781 547 2878 igitur
576 2781 653 2854 haec
679 2789 894 2878 argumenta
922 2778 1053 2876 epilogi
1078 2780 1157 2853 loco
1184 2778 1284 2852 illem

233 2897 376 2972 devita
409 2909 446 2973 et
475 2898 637 2972 moribus
665 2897 909 2971 Hernicorum
943 2907 1149 2992 temporum
1187 2920 1283 2992 quae·

233 3013 401 3100 ctionem,
420 3037 501 3110 quae
526 3025 624 3088 certe
646 3038 731 3087 cum
755 3013 825 3086 illis
849 3037 929 3110 quae
951 3035 1060 3108 supra
1082 3011 1180 3084 dicte
1196 3017 1285 3084 suut

233 3131 477 3219 consentiunt,
509 3141 546 3204 et
579 3155 622 3204 ec
656 3131 765 3205 etiam
799 3130 1044 3204 corroborant.
1105 3126 1283 3201 Nondum

233 3243 321 3317 adeo
351 3244 460 3342 (quod
488 3269 586 3319 nunc
610 3243 802 3328 audentius
825 3245 1001 3318 affirmare
1026 3244 1176 3341 possim)
1205 3243 1284 3316 Hn·

232 3360 374 3434 mericae
391 3359 507 3434 aetatis
525 3359 644 3435 Graeci
665 3385 813 3434 cursum
831 3385 940 3434 suum
960 3361 1201 3446 absolverant,
1221 3359 1285 3432 sed
1324 3447 1326 3450 Ι

232 3475 443 3550 festinanter
467 3501 512 3551 ex
540 3477 702 3550 barbarie
732 3501 810 3550 sese
839 3478 1080 3575 explicabant,
1108 3486 1144 3550 et
1169 3497 1284 3549 novos
1343 3483 1348 3492 ’

232 3591 348 3668 indies
364 3594 467 3668 nisus
483 3595 687 3668 tentabant.

233 3854 245 3914 l
271 3785 285 3814 ⁶
300 3774 582 3852 Herod.,1.i.e.25;
597 3776 738 3846 Parnon,
778 3777 845 3852 εὗρε,
860 3781 901 3835 καὶ
914 3778 1050 3853 ἀγάλματα
1066 3773 1110 3834 ἀπ’
1124 3775 1202 3832 αὐτοῦ
1215 3777 1284 3833 nud-

248 3861 494 3994 ΙῗιΙῗΙῖιὲἰδαθτίιιιιι
519 3937 673 3996 Pausania
705 3934 740 3994 do
778 3881 971 3994 wiArntor.
987 3933 1069 3991 Pver.
1084 3949 1101 3990 c
1114 3949 1158 4004 45.

235 4013 382 4074 nicodoro
397 4013 495 4074 Samio
505 4012 564 4074 huc
575 4013 653 4080 fucit.
665 4014 686 4074 1.
696 4013 738 4074 iii.
819 4011 833 4051 ¹²
855 4011 933 4092 γίνῃ.
953 4012 1067 4090 θεονφ,
1082 4009 1138 4070 Li.

233 4111 262 4153 c.
280 4119 324 4167 ¹²3
348 4101 377 4156 <ic
394 4102 497 4170 πρῶτος
516 4097 618 4170 διαχέαι
632 4098 741 4169 σίδηρον
