3058 4908
289 293 353 358 188
592 299 805 351 enarrarre
835 299 1039 349 osorem.

288 451 520 528 stabilitatem
533 453 591 525 vel
603 449 870 523 vehementiam
885 450 1004 523 addat.
1039 449 1172 524 Similis
1185 458 1241 524 est
1253 474 1344 524 usus

288 580 474 678 particulae
490 605 534 672 γε
552 575 784 670 μειωτικῆς“,
804 585 842 653 et
857 580 1014 654 aliorum
1032 580 1196 679 denique.
1243 582 1346 654 Inter

289 723 328 771 se
344 697 454 772 etiarn
470 707 508 770 et
525 721 611 770 cum
627 698 767 769 caeteris
786 697 1103 794 conjunctionibus
1120 723 1345 796 componun-

171 893 184 906 ,
291 825 361 903 tur,
388 817 441 889 ita
466 826 508 888 ut
532 813 720 886 infinitum
745 814 819 888 sere
843 816 883 888 in
908 838 1102 889 numerum
1128 825 1345 902 noctescunt,

289 957 407 1029 neque
432 931 537 1006 facile
564 954 585 1002 a
611 954 650 1003 se
676 930 832 1004 invicem
860 931 1033 1028 distingui
1058 933 1210 1028 possint.
1262 931 1345 1004 Nec

289 1073 377 1122 vero
393 1055 476 1123 tuto
494 1049 633 1122 nullam
649 1071 728 1121 esse
745 1046 986 1134 differentiam
1002 1047 1293 1144 pronuntiamus,
1313 1049 1345 1120 si

291 1167 382 1240 sorte
402 1163 455 1239 ea'
467 1170 631 1238 nostram
653 1163 818 1258 linguam
835 1166 1026 1238 autetiam
1045 1173 1243 1262 conseptus
1261 1189 1344 1238 nos-

290 1291 368 1356 tros
381 1280 515 1378 fugiat:
542 1280 683 1354 curiose
701 1287 797 1354 certe
816 1283 974 1355 minores
991 1281 1345 1356 rerumdifferentias

291 1400 520 1472 sectabantur
534 1397 665 1485 Groeoi,
679 1407 772 1470 etex
786 1398 997 1494 quotidiano
1011 1423 1187 1486 sermone,
1201 1423 1247 1471 ex
1259 1401 1347 1472 vitae

291 1515 432 1602 habitu,
451 1538 498 1588 ne
520 1513 635 1587 nicam
652 1539 697 1587 ex
723 1514 834 1588 animi
856 1515 1036 1604 acumine,
1055 1514 1192 1589 felicius
1217 1513 1346 1588 inillis

292 1655 401 1727 quarn
430 1630 551 1704 coeteri
574 1631 824 1704 versabantur.
877 1630 1020 1704 Harum
1050 1631 1161 1728 igitur
1188 1631 1344 1728 particu-

292 1749 409 1820 larum
423 1771 492 1845 ope
510 1747 628 1845 siquid
640 1758 718 1820 erat
734 1747 1000 1844 explicandum,
1016 1749 1342 1834 determinandum,

292 1865 592 1952 confirmandum,
622 1865 769 1937 definite
799 1874 864 1937 aut
893 1863 1080 1937 indefinite
1106 1867 1345 1961 pronuntian-

293 1982 393 2068 dum,
424 1983 540 2054 multa
573 2005 658 2053 cum
693 1981 867 2054 varietate
903 1991 941 2053 et
974 1987 1166 2054 venustate
1202 1981 1347 2077 singula

293 2097 521 2193 peragebant.
575 2096 673 2171 Hinc
697 2098 736 2170 in
762 2098 912 2193 dialogis
938 2099 1014 2172 suis
1031 2097 1140 2172 Plato
1165 2105 1204 2171 et
1224 2099 1346 2171 Xeno-

293 2215 395 2310 phon
431 2215 646 2311 perpulchre
680 2213 871 2311 designant
904 2239 977 2311 quo
1014 2214 1128 2310 gruem
1162 2223 1200 2286 et
1235 2213 1347 2286 modo

295 2331 426 2405 dubius
449 2333 563 2406 haeret
584 2333 737 2420 animus
757 2334 882 2430 quavi
909 2341 947 2407 et
971 2333 1111 2430 impetu
1132 2334 1177 2406 ad
1194 2357 1346 2406 consen-

295 2473 376 2522 sum
393 2448 603 2545 proripitur,
621 2451 680 2523 vel
696 2453 740 2523 ab
766 2475 809 2523 eo
834 2475 873 2524 se
895 2451 1038 2538 avertit,
1056 2457 1172 2523 totam
1189 2451 1348 2547 denique

295 2565 427 2640 mentis
441 2566 610 2640 humanae
627 2568 756 2641 faciem
769 2578 806 2641 et
823 2568 984 2664 singulos
1002 2578 1125 2642 motus
1139 2568 1226 2640 dnm
1240 2591 1345 2662 urgu-

296 2682 428 2756 mentis
448 2684 641 2757 adversarii
665 2691 730 2757 aut
755 2686 967 2781 obsequitur
984 2691 1050 2758 aut
1072 2709 1115 2757 ea
1136 2686 1349 2758 adversatur

295 2801 398 2873 nullo
422 2800 497 2873 tere
520 2802 642 2874 labore
668 2802 882 2898 depingunt.
934 2801 1016 2875 Hac
1039 2801 1151 2898 igitur
1176 2802 1223 2874 sit
1247 2802 1347 2875 Gree-

296 2940 422 2990 oorum
447 2917 593 3015 propria
617 2919 708 2992 laus.
763 2920 874 3016 Apud
900 2920 989 2991 alios
1015 2929 1112 2992 certe
1137 2943 1267 3014 magna
1291 2926 1350 2993 est

296 3033 429 3106 horum
462 3036 724 3109 vocabulorum
763 3037 927 3133 penuria,
963 3041 1001 3107 et
1034 3021 1189 3131 quidem,
1225 3037 1347 3123 credo,

196 3223 199 3230 ,
295 3151 393 3222 ultro
416 3172 454 3222 se
477 3174 522 3222 ex
547 3151 615 3224 hac
640 3153 718 3249 ipsa
740 3159 842 3250 parte
864 3153 1026 3225 laborare
1050 3163 1233 3248 agnoscet,
1258 3153 1349 3226 dum

295 3265 333 3337 in
367 3265 438 3337 alia
471 3266 594 3362 lingua
629 3277 802 3356 versatur,
833 3270 892 3343 cui
926 3269 1110 3342 familiaris
1144 3276 1199 3341 est
1230 3269 1348 3342 Graeci

294 3380 477 3455 idiomatis
495 3406 630 3455 norma.

346 3497 426 3572 Nec
444 3501 565 3574 minus
583 3500 724 3573 subtilis
744 3512 800 3575 est
818 3501 1120 3598 Praepositionum
1139 3501 1347 3575 Graecarum

296 3617 603 3691 doctrina-hanc
628 3617 775 3714 quidem
800 3620 932 3714 linguae
958 3643 1032 3692 suae
1056 3627 1197 3713 partem
1223 3643 1347 3692 neces-

296 3735 388 3808 sario
404 3760 490 3808 cum
507 3733 585 3808 aliis
602 3739 835 3808 communem
852 3735 1101 3809 habent—sed
1121 3735 1218 3809 illius
1235 3735 1348 3809 etiam

295 3853 476 3948 frequenti
496 3863 533 3925 et
556 3859 725 3926 accurato
742 3877 812 3926 usu
836 3853 975 3926 creteris
998 3853 1218 3949 praecellunt
1271 3853 1348 3925 Hs-

293 3969 382 4042 bent
394 3968 491 4042 enim
502 3969 778 4067 Praepositiones
792 3969 927 4044 Gmcae
944 3994 1073 4044 sensus
1086 3969 1159 4044 fere
1171 3970 1348 4060 infinitos,

294 4085 339 4158 de
357 4086 488 4181 quibus
505 4095 630 4160 tamen
647 4087 823 4161 affirmare
840 4111 914 4162 non
932 4087 1137 4160 dubitarem
1154 4111 1281 4161 omnes
1300 4090 1346 4161 ad

345 4310 360 4335 “
382 4302 524 4364 Tteodor.
543 4306 632 4374 Gna,
648 4305 669 4365 l.
685 4328 722 4383 43
749 4306 886 4384 Apollas.
901 4308 939 4368 de
954 4307 1123 4387 spectauit
1139 4307 1182 4369 iii.
1196 4329 1221 4369 c
1238 4311 1287 4368 28.
