3058 4908
459 354 673 407 numerurm
699 355 999 418 osorum-oomni
1192 345 1257 411 263

208 512 305 581 oerte
322 507 443 580 locum
456 507 545 582 dunt
562 530 604 582 ac
621 507 742 604 praelie
758 507 905 582 militari
921 505 1066 603 gloriae:
1093 532 1158 582 neo
1171 533 1257 583 vero

207 629 329 722 partes
345 622 401 698 hae
424 649 446 698 a
463 633 628 722 poemate
645 623 828 700 dissociari
853 632 1009 722 possunt
1026 627 1125 698 salve
1141 627 1256 700 totius

208 739 326 839 operis
356 741 564 838 integritate
597 748 707 840 atque
741 743 877 815 ordine.
931 741 987 814 Ex
1021 741 1075 815 ira
1104 741 1257 817 Achillis

208 859 429 955 proveniunt
454 859 589 947 omnia,
617 883 684 933 nec
709 859 779 934 nisi
804 860 841 932 in
869 858 1037 932 Hectoris
1063 861 1161 934 oaede
1185 866 1258 933 ter-

207 975 345 1049 minum
378 975 579 1049 inveniunt.
632 975 713 1051 Neo
742 999 828 1051 vero
857 975 1030 1072 temporis
1063 978 1257 1073 longeest

207 1117 319 1166 mora.
371 1091 513 1190 Viginti
540 1105 576 1168 et
604 1095 676 1168 duo
701 1094 796 1181 libri,
823 1094 886 1190 qui
914 1093 1031 1191 primo
1058 1101 1096 1168 et
1125 1095 1257 1168 ultimo

209 1208 315 1284 medii
332 1209 561 1284 intercedunt
586 1219 725 1308 septem
743 1221 807 1285 aut
832 1221 915 1285 octo
933 1212 1075 1286 dierum
1100 1213 1257 1308 spatium

208 1351 283 1401 non
300 1334 530 1425 exsuperant.
582 1327 741 1402 Tantum
767 1353 888 1402 rerum
904 1325 1042 1400 flumen
1059 1352 1104 1401 ex
1124 1335 1258 1403 eventu

209 1447 280 1519 isto
298 1471 405 1543 quem
423 1470 489 1542 pro
506 1453 720 1541 argumento
742 1445 809 1520 sibi
826 1446 936 1519 hebet
954 1445 1067 1520 Poeta
1082 1453 1258 1544 tanquam

208 1587 255 1637 ex
272 1564 421 1660 perenni
438 1563 538 1637 fonte
556 1547 713 1660 profluit.
767 1563 811 1636 In
828 1563 943 1660 primo
964 1569 1001 1636 et
1018 1564 1149 1638 ultimo
1166 1565 1258 1638 libro

210 1681 293 1778 plus
320 1682 493 1779 temporis
518 1680 722 1754 absumitur
734 1713 743 1768 ;
771 1683 887 1777 magis
913 1682 1012 1754 enim
1030 1682 1144 1756 otiose
1169 1706 1257 1755 non-

210 1799 299 1872 dum
315 1799 508 1872 commotis
534 1799 642 1872 rebus
665 1798 704 1871 in
721 1799 827 1871 initio
850 1798 968 1896 operis
986 1799 1120 1872 haerere
1138 1800 1260 1897 potuit

209 1913 335 2004 Poeta,
352 1922 460 2013 atque
476 1916 514 1988 in
531 1917 602 1990 fine
620 1917 730 1990 etiem
748 1917 795 1990 ud
812 1941 981 1991 occasum
995 1918 1072 2013 jum
1089 1923 1259 2014 vergente

210 2057 331 2106 rerum
357 2057 478 2107 cursu.
530 2033 602 2107 Sed
628 2034 690 2106 illa
715 2059 794 2131 quae
823 2035 939 2108 fervet
969 2045 1079 2131 atque
1104 2033 1259 2107 fluctuat

209 2150 327 2247 operis
345 2175 428 2248 pars
445 2149 539 2224 intro
557 2161 729 2248 angustos
746 2151 878 2225 limites
896 2152 1063 2224 concludi
1079 2175 1154 2224 non
1166 2150 1257 2224 vult.

209 2267 326 2342 Unica
357 2265 433 2342 dies
468 2274 553 2341 octo
583 2267 758 2342 librorum
792 2279 1006 2364 argumento
1036 2267 1260 2341 conficiendo

96 2387 99 2392 ’
210 2385 351 2459 suffieit.
403 2384 484 2459 Nec
511 2408 598 2458 vero
626 2410 699 2458 non
727 2383 765 2457 in
791 2384 871 2482 ipso
897 2389 1082 2482 perpetuae
1107 2384 1260 2458 aetionis

209 2504 348 2577 fervore
374 2505 499 2578 crebra
523 2503 710 2577 intervalla
735 2503 952 2599 interposuit
975 2501 1100 2589 Poeta,
1118 2501 1156 2574 in
1182 2501 1258 2599 qui-

208 2622 277 2695 bus
295 2619 458 2695 Lectoris
484 2620 624 2695 animus
650 2621 882 2717 conquiescet
906 2620 1097 2715 paululum
1120 2643 1163 2692 nc
1187 2621 1260 2693 col-

208 2735 297 2834 ligat
320 2763 363 2811 en
380 2762 460 2835 quae
485 2737 676 2835 perlegerit
686 2745 709 2808 ⁸.
762 2737 821 2810 Ad
839 2736 948 2809 finem
972 2731 1023 2810 1¹²¹
1042 2735 1141 2809 Libri
1160 2736 1261 2810 facile

208 2879 311 2930 mora
328 2855 486 2954 injicitur
503 2858 589 2929 dum
614 2877 827 2950 magnarum
846 2877 965 2926 rerum
988 2877 1114 2928 causes
1138 2854 1259 2938 animo

209 2986 444 3072 reputamus;
470 2974 515 3048 ud
537 2974 647 3047 finem
665 2969 712 3044 2⁶¹¹
728 2970 823 3045 acies
843 2971 921 3068 jum
946 2969 1144 3045 instructas
1170 2995 1259 3043 non⁴

209 3094 299 3167 dum
317 3093 496 3166 tamenin
514 3115 673 3189 pugnam
691 3089 871 3162 immissas
889 3089 1125 3185 contemplari
1151 3087 1258 3172 iicet;

209 3209 382 3284 adfinem
405 3209 500 3283 tertii
518 3208 697 3305 singulare
714 3213 897 3281 certarnen
919 3212 1087 3280 exectum
1105 3211 1181 3280 est:
1208 3205 1260 3279 ita

209 3327 249 3401 in
274 3325 424 3423 singulis
450 3351 552 3400 mora
577 3327 743 3424 quaednm
768 3326 810 3397 fit
835 3335 873 3398 et
898 3325 1051 3421 requies,
1079 3347 1147 3397 nec
1171 3347 1259 3396 vero

210 3458 385 3543 tanquam
417 3444 456 3517 in
485 3443 616 3518 ultimo
645 3443 718 3517 fine
752 3441 983 3516 consistimus
1018 3442 1080 3514 sed
1112 3439 1151 3513 in
1181 3439 1261 3536 ipso

209 3565 272 3636 illo
299 3563 423 3660 requie
448 3561 584 3658 majora
609 3569 865 3659 expectemus:
894 3559 964 3631 hoo
979 3581 1066 3630 vero
1082 3567 1138 3630 est
1162 3555 1259 3629 inhi-

207 3684 293 3756 bere
311 3705 457 3755 manum
474 3706 541 3780 pro
559 3705 626 3754 suo
644 3677 802 3766 arbitrio,
818 3683 854 3750 et
871 3675 967 3773 quod
985 3672 1087 3747 aiunt
1102 3678 1124 3710 “
1139 3684 1260 3747 tenere

208 3803 368 3876 habenas
393 3802 637 3888 animorum‚’¹
657 3804 766 3895 atque
792 3797 901 3894 hujus
926 3793 1066 3867 artificii
1093 3816 1161 3888 ope
1181 3795 1258 3866 lon·

208 3944 293 4017 gom
309 3919 413 4018 Epici
430 3917 607 4015 poematis
633 3915 762 3991 seriem
778 3915 974 3986 toleramus
990 3941 997 3982 :
1027 3932 1145 4005 neque
1161 3907 1260 3982 aliud

209 4037 277 4113 sibi
302 4038 383 4110 vult
407 4035 623 4109 Aristoteles
650 4057 735 4108 cum
761 4028 1038 4126 unamquamvis
1061 4027 1259 4123 Tragoediae

208 4180 350 4266 partem
377 4175 483 4240 vocat
512 4154 623 4260 μέρος
654 4153 745 4234 ὅλον
754 4144 780 4250 ¹³,
810 4165 931 4258 potest
960 4159 1058 4232 enim
1086 4159 1259 4255 quodam·

208 4289 317 4361 modo
334 4310 412 4360 esse
432 4285 572 4380 integro
593 4307 677 4358 oum
701 4280 813 4354 totius
834 4283 982 4352 tantum
1004 4277 1180 4374 particula
1202 4277 1258 4350 sit.

248 4435 259 4459 ⁸
278 4429 347 4490 Vid.
365 4427 587 4489 Praeleotionem
606 4445 650 4500 14.
875 4419 889 4458 b
910 4421 1006 4480 Arist.
1020 4419 1114 4491 Poet„
1130 4433 1155 4476 o.
1175 4434 1217 4474 η.
