3094 4898
548 335 761 387 remmono
783 339 950 389 snrrrrrr.
1216 323 1277 383 115

226 481 285 567 sit,
313 505 335 554 a
360 481 611 578 Pythagoricis
641 486 699 558 vel
729 485 808 559 aliis
834 487 967 561 Italicae
994 486 1134 562 Scholae
1159 489 1278 585 philo·

224 597 350 692 sophis
370 602 576 696 conscripta
594 601 705 674 fuisse
728 626 802 676 non
822 603 1035 678 dubitarem.
1080 602 1277 679 Communi

225 711 323 784 enim
346 713 435 787 vitio
461 714 703 811 Pythagorici,
729 716 892 806 Eleatici,
912 730 947 793 et
973 721 1093 794 caeteri
1116 721 1278 817 ejusdem

224 827 379 922 regionis
404 835 442 901 et
468 829 640 927 temporis
661 832 867 929 philosophi
890 835 1083 908 obscurum
1104 836 1277 932 quiddam

224 948 261 1014 et
289 942 495 1018 involutum
526 947 779 1034 sectabantur;
812 973 878 1022 neo
906 974 993 1023 vero
1023 951 1094 1024 hoc
1124 951 1278 1025 fidenter

222 1059 361 1154 loquor,
387 1060 449 1133 aed
476 1062 691 1157 conjecturae
713 1065 807 1151 loco,
831 1089 899 1138 neo
927 1090 1011 1139 vero
1041 1065 1129 1138 mihi
1154 1067 1277 1140 omnia

222 1175 381 1249 subsidia
404 1177 442 1248 in
467 1189 639 1275 promptu
659 1186 757 1268 sunt,
782 1182 982 1277 exquibus
1007 1183 1102 1255 hanc
1127 1182 1274 1278 quaesti-

223 1314 331 1362 onem
354 1292 496 1365 decerni
518 1294 635 1367 velim.
689 1293 780 1368 Haeo
805 1296 894 1370 adeo
921 1296 1009 1369 mihi
1027 1296 1190 1394 Orphica
1204 1296 1276 1374 ista

223 1407 419 1503 perlegenti
445 1417 482 1483 et
504 1435 589 1483 cum
613 1410 855 1506 Empedoclis
876 1413 1053 1486 Heracliti
1077 1420 1114 1486 et
1131 1413 1275 1486 Parme·

220 1521 314 1595 nidis
337 1525 496 1622 reliquiis
519 1528 718 1600 conferenti
743 1553 788 1600 ex
811 1528 898 1623 ipsis
922 1529 1111 1602 sententiis
1134 1536 1172 1602 et
1195 1553 1274 1602 ora·

221 1640 331 1712 tionis
344 1643 439 1738 stylo
451 1643 526 1738 jam
540 1644 628 1716 olim
641 1643 798 1740 suspicio
812 1644 1072 1718 suboriebatur.
1109 1644 1273 1741 Exempli

218 1757 335 1850 gratia
350 1757 440 1831 illud
456 1759 537 1832 Lini
554 1783 747 1856 apponam,
767 1761 864 1855 quod
888 1759 932 1850 (si
949 1760 1059 1833 modo
1075 1759 1145 1834 ista
1162 1784 1272 1858 quam

218 1897 351 1969 sequor
370 1899 455 1948 vera
479 1875 585 1948 lectio
612 1876 671 1964 sit)
699 1899 774 1947 non
799 1875 1040 1949 Hernicorum
1065 1882 1272 1972 temporum

219 1989 349 2063 Vatem
374 1993 437 2064 sed
461 1991 599 2064 Scholae
620 1991 867 2088 Pythagoricae
890 1991 1099 2088 sophistam
1123 2017 1271 2089 prorsus

216 2106 333 2203 sapit⁰
346 2130 408 2177 :-
1049 2135 1051 2138 ·

378 2256 438 2313 ’Hb'
452 2256 518 2327 ὕλην
531 2259 655 2331 πρώτιστ’
670 2259 789 2333 αἰσχρῶν
802 2259 926 2330 duremur
939 2260 1059 2314 ἁπάντων

371 2351 426 2408 Ἢν
440 2353 562 2424 ἐπιθυμία
575 2353 675 2425 ἡνιοχεῖ
685 2357 812 2428 μάργοισι
824 2357 950 2424 χαλινοῖς.

217 2487 380 2560 Eandem
415 2488 488 2561 fere
521 2489 771 2585 metaphoram
805 2487 920 2561 susius
960 2495 1174 2584 prosecutus
1214 2490 1271 2559 est

217 2603 449 2677 Parmenides
460 2601 483 2675 l.

267 2721 347 2792 Nec
360 2745 444 2792 vero
461 2721 538 2793 haec
551 2720 629 2794 sine
646 2727 738 2794 teste
750 2745 868 2816 neque
882 2721 964 2794 sine·
976 2716 1199 2814 argumentis
1215 2717 1269 2788 lo-

217 2861 318 2932 quor.
338 2835 764 2930 Herodotusquinullum
776 2831 1269 2932 poemaHomeroantiquius

216 2950 389 3047 agnoscit,
410 2952 454 3023 de
471 2949 640 3047 Orphicis
661 2961 697 3024 et
715 2951 963 3048 Pythagoricis
984 2948 1162 3022 institutis
1180 2971 1267 3021 con-

209 3047 369 3163 junctim
395 3069 504 3140 verba
527 3068 634 3140 sacit⁹
646 3099 656 3155 ;
685 3067 848 3141 Laertius
874 3067 1117 3162 Pythagoram
1146 3066 1267 3160 ipsum

216 3184 367 3280 hujusce
384 3183 518 3256 fraudis
536 3179 719 3271 incusat‘3
747 3183 961 3256 Aristoteles
981 3189 1075 3254 teste
1093 3180 1268 3254 Cicerone

215 3301 413 3398 Cercopem
424 3285 1266 3396 Pythagoreum⁸,JamblichusPythagoraedis-

205 3418 355 3513 'cipulos
373 3415 543 3513 quosdam
554 3411 581 3500 ¹¹,
597 3439 714 3510 neque
732 3414 920 3488 Platonem
937 3413 1063 3508 effugit
1080 3412 1171 3484 mira
1188 3411 1265 3484 He-

211 3535 368 3607 racliteae
398 3529 635 3629 philosophiae
662 3555 745 3603 cum
768 3530 908 3626 Orphei
937 3528 1154 3602 carminibus
1182 3551 1265 3599 oon-

214 3650 334 3724 sensio
343 3646 361 3720 ¹.
416 3646 603 3732 Quidnam
619 3656 742 3720 autern
760 3671 878 3720 causae
895 3653 962 3733 est,
981 3669 1045 3718 cur
1062 3643 1211 3716 Proclus
1228 3648 1267 3714 et

253 3921 371 3980 uExtat
384 3918 583 3998 fragmentum
595 3939 641 4000 ap.
651 3922 716 3980 Sto·
787 3926 811 3968 *Β
831 3917 878 3976 Μ.
901 3915 933 3974 Τ.
960 3915 1020 3973 Oia.
1043 3913 1079 3971 de
1103 3911 1177 3970 Nat.
1201 3913 1263 3970 De·

212 4003 322 4069 bonnm
348 3999 406 4058 vid.
431 3999 474 4057 H.
497 3999 607 4078 steph,
630 4003 714 4060 Pace.
758 4015 849 4068 orum,
873 3995 892 4053 l.
918 3994 937 4053 i.
962 4013 987 4052 c.
1013 4016 1061 4064 343
1089 3990 1146 4050 vid.
1171 3992 1261 4052 Clam.

211 4079 380 4156 Philosoph.
756 4075 842 4134 Alex.
856 4076 972 4138 strom,
987 4071 1007 4130 l.
1022 4073 1043 4130 i.
1057 4090 1083 4130 c.
1099 4097 1140 4132 ιι.

250 4158 262 4190 “
276 4157 344 4216 Vid.
357 4159 440 4216 Poea.
451 4155 625 4236 Philosoph,
635 4176 664 4235 p.
675 4182 717 4229 4¹·
796 4153 808 4185 ¹²
830 4152 1010 4212 Jomhlichus
1019 4153 1051 4210 in
1069 4149 1126 4213 Via.
1136 4151 1260 4230 Pytbay.

250 4235 485 4307 eLib.ii.c.a3.
795 4229 954 4292 wasia
969 4229 1096 4310 Cratylo.
1196 4243 1200 4250 '
1249 4251 1252 4254 ·

250 4313 260 4354 f
273 4315 472 4393 Dioy.Laert.
481 4317 513 4374 in
525 4315 584 4375 Vir.
594 4315 716 4393 Pyttap.

655 4409 657 4415 ’
710 4411 765 4482 12
