3094 4898
585 347 793 396 enarrorro
814 345 922 396 nour.
1216 333 1277 394 155

223 496 344 570 Graeci
369 495 496 570 faeiem
527 495 785 570 recentioribus
808 497 1036 594 temporibus
1061 503 1135 570 tam
1168 521 1282 595 prope

223 614 438 688 consentire.
494 611 578 709 lpsa
602 614 710 686 etiam
729 613 952 688 describendi
979 615 1071 687 ratio
1093 615 1202 710 digna
1223 621 1281 686 est

223 755 330 829 quam
358 730 636 818 animadvertas,
664 737 736 826 qua
759 735 856 804 certe
885 729 974 803 nihil
1002 731 1117 827 magis
1144 731 1280 828 perspi·

224 873 336 922 cuum
365 871 489 944 neque.
510 849 627 943 magis
655 846 810 922 Scientia
841 847 1091 946 Geographica
1118 847 1281 944 dignum.

225 977 424 1074 Regiodem
442 1002 522 1073 quae
549 966 672 1067 Κοίλη
690 957 810 1051 Ἥλιε
826 985 979 1049 vocatur
1001 975 1186 1050 montibus
1212 1000 1281 1049 un-

225 1097 413 1191 dequaque
439 1093 714 1184 circumclusam
742 1095 881 1166 calamo
907 1091 980 1166 fere
1006 1093 1205 1167 delineasse
1227 1093 1282 1166 vi-

226 1212 335 1286 detur
348 1243 409 1284 :-

384 1375 417 1435 Oi
430 1347 452 1433 d'
466 1377 516 1450 ἄρα
530 1379 696 1449 Βουπάρσιόν
709 1401 738 1433 τε
752 1379 793 1432 καὶ
802 1373 904 1432 Ἠλιδα
918 1379 975 1432 δῖαν
988 1379 1080 1432 ἔναιον·

378 1475 485 1531 Ὀσσον
498 1473 542 1546 ἔφ’
554 1474 660 1545 Ὑρμίνη
675 1475 717 1530 καὶ
732 1472 867 1546 Μύρσινος
881 1475 1046 1545 ι’σχατόιοσα,

385 1573 471 1643 Hispa
484 1569 507 1624 τ’
521 1570 626 1639 Ὠλενίη
640 1569 682 1624 καὶ
693 1569 828 1626 Ἀλείσιον
841 1569 913 1628 drrds
926 1563 1038 1642 ‘’lp-,cat

228 1722 364 1796 Eadem
382 1720 643 1820 perspicuitate
659 1721 792 1795 Priami
810 1745 920 1820 regno
939 1720 1069 1794 limites
1087 1722 1149 1795 dat
1163 1753 1225 1794 :-

390 1899 439 1953 Kal
452 1919 495 1966 σε,
508 1897 594 1970 γε’ρον,
607 1899 638 1952 τὸ
651 1901 712 1970 πρὶν
725 1899 772 1968 μὲν
785 1897 910 1967 ἀκούομεν
923 1897 1019 1964 ὄλβιον
1031 1893 1104 1953 εἶναι·

382 1993 490 2050 Ὀσσον
503 1993 609 2059 Δι’σβος
621 1995 682 2064 ἅνω,
697 1996 819 2067 Μάκαρος
833 1995 900 2062 ἔδοι,
915 1995 987 2052 ε’ντὸι
1001 1994 1085 2067 ε’ἑργει

389 2093 438 2146 Καὶ
452 2091 550 2164 Φρυγίη
565 2089 708 2164 καθύπερθε
723 2093 765 2146 καὶ
777 2090 975 2162 Ἓλλὴσποντοκ
988 2091 1126 2164 ἀπείρων·

280 2240 370 2314 Haec
380 2241 491 2337 igitur
504 2241 694 2338 diligenter
707 2252 743 2315 et
757 2253 938 2317 accurate.
972 2243 1042 2316 Sed
1054 2249 1177 2317 tamen
1190 2242 1288 2316 intra

229 2357 397 2456 exiguam
427 2358 524 2434 orbis
554 2365 732 2434 terrarum
759 2359 976 2457 particulam
1008 2361 1110 2436 stetit
1140 2359 1286 2435 Graeco-

226 2501 311 2550 rum
329 2475 577 2575 Geographia,
598 2478 703 2573 cujus
731 2479 891 2552 scientiae
908 2479 1040 2552 limites
1060 2504 1104 2552 ex
1123 2478 1287 2553 Homero

230 2619 355 2668 eruere
384 2619 460 2668 non
487 2594 629 2668 difficile
656 2594 723 2670 erit
735 2593 755 2668 ¹.
819 2594 916 2668 Cum
946 2595 1057 2692 igitur
1085 2597 1290 2693 periculosa

231 2717 334 2785 erant
356 2721 393 2785 et
417 2709 659 2807 infrequentia
682 2709 865 2785 terrestria
888 2711 1018 2785 itinera
1027 2717 1052 2797 ⁸,
1071 2711 1287 2784 maritimam

230 2829 303 2902 fere
337 2852 447 2916 oram,
484 2851 594 2926 quam
635 2826 767 2924 saepius
808 2828 1010 2923 navigando
1051 2830 1287 2925 perlegerant,

192 3029 201 3048 ,
230 2947 336 3022 unice
353 2945 535 3042 cognitam
554 2945 771 3020 habuerunt.
827 2945 978 3020 Graeciaev
992 2957 1113 3020 tamen
1130 2946 1290 3043 Propriae

230 3063 515 3137 Mediterraneas
549 3063 659 3136 etiarn
698 3063 863 3160 regiones
907 3088 983 3138 non
1019 3063 1287 3160 ignoraverunt.

138 3175 143 3186 ’
230 3180 524 3278 Peloponnesum
554 3180 686 3278 ipsam,
717 3179 921 3282 Ipooridem,
952 3181 1160 3270 Phocidem,
1191 3181 1288 3255 Atti-

231 3322 324 3386 cam,
348 3296 529 3371 Boeotiam
559 3303 597 3370 et
621 3297 817 3370 Thessaliae
846 3321 1011 3394 magnam
1043 3309 1183 3396 partem
1210 3296 1289 3372 Ho-

233 3439 352 3487 merus
376 3415 414 3486 in
431 3413 608 3511 Catalogo
631 3439 698 3511 per
723 3415 885 3511 singulas
910 3415 1076 3490 civitates
1093 3413 1288 3514 explicatl.

149 3561 151 3566 ’
233 3530 385 3604 Caeterae
402 3531 566 3627 regiones
586 3531 778 3604 maritimae
796 3538 905 3620 sunt;
933 3543 1042 3629 atque
1063 3533 1153 3605 adeo
1170 3532 1290 3627 AEgaei

273 3751 285 3786 ⁴
306 3751 352 3811 Il.
368 3763 396 3810 Β.
412 3751 482 3830 613.
632 3809 639 3818 ,
812 3751 916 3814 Ἀνίρες,
928 3749 984 3800 nott
999 3753 1020 3800 θ’
1034 3749 1124 3800 ἅλεσσι
1141 3748 1292 3812 μεμιγμένον

274 3839 284 3864 ι
304 3828 383 3890 Ibid·
399 3843 429 3890 ss.
448 3849 512 3910 543.
848 3815 1115 3879 adoptaveram.

273 3909 447 3971 ‘omum
495 3911 603 3984 saraa,
653 3908 673 3966 1.
719 3909 737 3966 r.
952 3969 986 3984 ..
1024 3925 1050 3984 .·
1093 3879 1292 3946 θάμ’-ΜΠ·

233 4011 263 4070 p.
280 3991 308 4049 6.
695 3982 698 3990 ’
819 3971 1197 4048 ιιΡΙιοοιιιοιιιιιιΟιὶγοιοιι
1210 3984 1241 4030 Δ.
1257 3976 1290 4030 et

274 4069 475 4130 sObseurum
508 4068 583 4128 illud
619 4065 740 4126 Tiregiae
780 4049 851 4112 alibi
866 4057 1056 4111 memoratur.
1089 4049 1186 4129 AEgsei
1202 4051 1291 4110 maris

234 4148 420 4210 Vaticinium
448 4147 599 4208 terrestris
623 4146 741 4205 itineris
780 4129 887 4192 inlulffl
897 4131 987 4209 Lycia
1003 4129 1290 4190 Curiaettotusere

234 4229 399 4308 periculum
410 4227 556 4308 respicere
565 4227 683 4286 videtur
693 4253 741 4285 2...
782 4212 862 4271 Asiae
880 4211 1003 4270 minoris
1023 4231 1075 4270 ora
1096 4209 1244 4304 maritima
1258 4210 1290 4270 in

785 4291 929 4371 Calalopo.
946 4290 1123 4371 Thesprotia
1137 4295 1168 4350 et
1179 4291 1293 4370 Epirus

269 4325 357 4375 Εὶαόκε
374 4326 431 4376 τοὺς
448 4325 548 4388 ἀφίκηαι
568 4324 591 4372 oi
611 4324 654 4372 οὐκ
673 4325 741 4373 ἴσασι
783 4372 788 4381 ,

301 4389 428 4440 θάκοισιν
781 4391 812 4430 ur
830 4372 965 4448 Odyssea.
