3058 4902
444 322 658 382 ratnrncrro
684 332 1037 388 vrorsrrrr-sronn'nr.
1200 325 1262 388 367

211 479 377 554 homines
408 481 585 578 reperitur
610 481 726 554 virtus
753 482 851 554 omni
882 484 961 556 labe
996 509 1136 580 expers
1191 485 1265 558 Sua

180 621 183 626 ·
212 597 322 669 habet
340 599 429 670 vitia
446 605 483 669 e't
499 598 576 670 vita
593 597 629 669 in
651 623 781 692 genere
799 611 836 672 et
860 599 993 696 singuli
1011 601 1093 674 vitae
1119 603 1263 698 gradus.

210 713 363 786 Easdem
381 715 523 809 regulas
547 739 592 786 ex
610 713 815 789 Homericis
841 717 1061 791 carminibus
1087 719 1265 816 analytice

212 831 338 904 deduci
365 856 472 927 posse
498 833 575 929 jam
601 832 838 908 ostendimus,
891 835 957 908 Est
989 842 1026 908 et
1050 837 1171 910 adhuc
1197 837 1266 909 alla

212 973 353 1021 morum
392 949 657 1036 convenientia,
691 975 732 1022 ea
763 975 843 1046 quae
878 951 1029 1025 diversis
1064 953 1194 1026 seculis
1229 961 1266 1026 et

211 1066 437 1162 temporibus
471 1067 530 1139 vel
568 1091 648 1163 quae
686 1067 835 1141 diversis
876 1069 1045 1165 gentibus
1086 1070 1264 1164 congruit.

211 1181 360 1256 Habent
394 1184 491 1256 enim
526 1209 601 1257 non
641 1191 787 1257 tantum
825 1187 959 1281 singuli
1001 1186 1167 1260 homines
1202 1187 1265 1259 sed

210 1305 336 1393 gentes
370 1299 479 1372 etiam
513 1308 551 1373 et
584 1302 705 1373 secula
735 1304 979 1398 compositum
1010 1309 1060 1375 etl
1077 1302 1266 1399 proprium

211 1415 279 1487 sibi
306 1441 445 1489 morum
473 1423 643 1512 systema,
661 1417 778 1490 laxius
800 1420 962 1504 sortasse,
983 1421 1033 1492 ita
1051 1429 1171 1492 tamen
1187 1444 1265 1492 cer·
1313 1463 1323 1475 ·

211 1543 292 1604 tum
306 1539 349 1604 ut
362 1540 464 1606 extra
476 1534 565 1605 illud
579 1535 720 1630 evagari
736 1561 810 1608 non
823 1537 940 1609 liceat.
968 1535 1135 1610 Heroicae
1148 1538 1265 1610 aetatis

213 1673 328 1721 mores
354 1675 375 1722 a
401 1650 606 1723 recentioris
633 1652 745 1724 seculi
769 1675 896 1725 norma
920 1653 1129 1738 abhorrent,
1149 1678 1266 1749 neque

211 1791 294 1839 cum
329 1766 400 1839 illis
434 1767 642 1863 permisceri
675 1769 817 1840 volunt.
882 1769 1013 1866 Neque
1049 1771 1265 1866 Spartanam

211 1887 438 1958 severitatem
456 1910 540 1958 curn
557 1885 684 1959 Attica
704 1887 909 1960 urbanitate
935 1898 1033 1961 recte
1058 1890 1265 1962 consociare

210 2003 340 2098 possis.
395 2003 484 2076 Haec
512 2003 632 2100 itaque
660 2003 752 2076 ratio
781 2005 955 2078 servanda
983 2016 1049 2079 est.
1103 2007 1265 2079 Homero

211 2119 269 2191 sni
291 2117 398 2193 unice
424 2120 536 2192 seculi
561 2131 597 2192 et
622 2121 741 2214 gentis
767 2127 845 2193 erat
871 2123 1018 2217 propior
1035 2129 1263 2219 conspectur,

211 2235 373 2309 felicitati
399 2239 520 2332 itaque
548 2245 753 2332 temporum
778 2237 1014 2310 tribuendum
1040 2245 1095 2312 est
1125 2265 1169 2311 ex
1198 2239 1266 2312 hac

210 2365 312 2451 parte
346 2355 510 2427 aberrare
544 2352 647 2426 illurn
683 2354 743 2426 vix
776 2379 895 2451 posse,
926 2365 963 2428 et
997 2380 1086 2428 rarae
1120 2357 1264 2451 quidem

210 2471 373 2546 felicitati
403 2496 487 2543 cum
518 2494 563 2543 ex
592 2470 654 2542 illa
682 2469 760 2566 ipsa
789 2470 1005 2544 recentiores
1036 2473 1109 2544 sere
1138 2495 1265 2543 omnes

212 2600 287 2661 tam
304 2591 431 2661 misere
448 2587 701 2660 aberraverint.

261 2717 382 2790 Tertio
417 2716 577 2813 praecipit
611 2716 839 2803 Aristoteles,
871 2703 913 2786 τὸ
949 2706 1089 2806 ὅμοιον,
1121 2739 1265 2788 morum

211 2834 496 2921 similitudinem,
532 2859 609 2906 rem
643 2857 689 2906 ex
726 2816 963 2929 personarum
999 2831 1265 2930 Historicarum

211 2977 281 3026 usu
299 2953 516 3038 deductam;
545 2951 689 3024 easdem
708 2951 805 3023 enim
826 2950 978 3046 singulis
997 2957 1118 3048 partes
1136 2952 1266 3024 ascribi

210 3072 301 3157 vult,
331 3093 421 3166 quas
452 3070 535 3142 olim
565 3069 609 3141 ab
639 3069 802 3141 Historia
831 3075 897 3140 aut
926 3065 971 3138 ab
1000 3066 1265 3163 antiquioribus

210 3186 326 3283 poetis
357 3185 558 3281 acceperint
587 3192 625 3257 et
654 3184 757 3281 quasi
787 3209 854 3257 suo
885 3185 967 3280 jure
998 3185 1263 3280 usurpaverint.

212 3303 358 3376 Etenim
383 3304 462 3398 jam
487 3301 572 3374 olim
602 3300 744 3396 Tragici
771 3311 807 3374 et
832 3301 936 3398 Epiri
959 3305 1090 3397 poetae,
1113 3301 1265 3374 fortasse

211 3420 320 3494 etiam
346 3418 385 3491 in
413 3420 480 3492 hac
508 3443 545 3491 re
573 3418 776 3492 Homerum
807 3417 936 3503 secuti,
964 3442 1009 3490 ex
1037 3416 1199 3490 Historia
1228 3426 1266 3491 et
1362 3439 1366 3445 ·

211 3538 370 3610 fabulam
393 3561 496 3610 suam
523 3543 560 3609 et
585 3561 757 3633 personas
776 3536 882 3608 unice
900 3535 1162 3608 desumebant:
1191 3561 1266 3608 non

212 3656 309 3749 quod
336 3654 436 3727 illam
462 3654 644 3726 habebant
671 3651 903 3725 necessariam
932 3652 1019 3724 artis
1047 3676 1122 3724 suae
1149 3653 1265 3747 legem

215 3778 301 3860 (non
329 3771 427 3845 enirn
454 3795 499 3843 ex
527 3769 701 3866 auditoris
728 3777 792 3842 aut
819 3768 963 3841 lectoris
992 3769 1201 3841 notionibus
1230 3779 1265 3842 et

212 3889 363 3963 scientia
379 3891 442 3963 sed
457 3913 497 3960 ex
513 3911 579 3960 sua
591 3886 626 3958 vi
641 3887 774 3982 pendet
787 3885 935 3980 'Pragica
953 3897 989 3958 et
1001 3885 1116 3982 Epice
1129 3885 1264 3974 Poesis,

212 4008 259 4090 τὰ
268 4009 436 4114 γνώριμα
449 4007 593 4109 ὀλίγοις
602 4003 769 4109 γνώριμα
780 4008 898 4102 ἐστὶν,
911 4003 996 4085 ἀλλ’
1010 4005 1107 4104 ὅμως
1118 4005 1266 4112 εὐφραί-

214 4173 266 4218 νει
282 4135 424 4221 πάντας
433 4143 475 4241 ⁰,)
494 4145 556 4218 sed
571 4156 757 4240 utcunque
775 4167 849 4216 suae
867 4143 953 4216 artis
972 4145 1126 4218 solutior
1142 4146 1201 4216 lex
1219 4144 1267 4218 sit

580 4350 590 4372 ³
612 4341 709 4401 Arirt
725 4343 820 4408 Part..
834 4360 858 4401 c.
875 4361 903 4418 9.
