3058 4908
451 341 958 394 νιιαιιιοπιοοιιοιιιΑ-ιιιιινι.
1170 333 1233 399 271

183 492 303 588 operis
325 490 367 564 in
383 516 499 565 unum
517 493 743 567 conferendae
769 499 866 568 sunt.
918 491 1046 568 Utitur
1063 491 1235 566 nimirum

184 607 368 683 Homerus
397 609 563 683 libertate
593 610 713 708 Epicae
744 611 849 687 Poesi
879 635 1160 708 concessaque
1189 613 1234 685 ab

183 750 258 799 una
282 727 328 800 ad
355 727 462 801 aliam
489 752 565 800 rem
591 731 648 801 vel
676 731 720 803 ab
746 755 820 804 una
846 731 892 803 ad
918 731 1025 803 aliem
1051 727 1234 832 regionem

185 857 336 929 transire
353 845 590 954 potest—’Er
609 844 649 927 δὲ
667 850 712 954 τῇ
732 848 901 956 ἐποποιΐᾳ
919 845 1038 929 διὰτὸ
1058 847 1234 951 διήγησιν

186 970 278 1057 εἶναι
298 980 379 1058 ἐστὶ
398 975 529 1058 πολλὰ
544 975 639 1082 με’ρη
656 971 734 1077 ἅμα
750 983 870 1058 ποιεῖν
888 974 1146 1081 περαινόμενα,
1168 978 1231 1085 ὑφ’

184 1098 236 1186 ὧν
255 1109 397 1188 οἰκείων
415 1106 532 1206 ὄντων
550 1105 702 1212 αὔξεται
729 1109 749 1186 ὁ
769 1115 835 1187 τοῦ
860 1106 1065 1209 ποιήματος
1088 1107 1230 1211 ὅγκοοι.

184 1233 229 1306 In
246 1232 356 1307 Iliade
372 1235 499 1308 eadem
516 1260 554 1307 re
572 1236 715 1331 parcius
733 1235 850 1307 utitur
863 1235 951 1307 dum
969 1234 1013 1306 ab
1030 1259 1105 1307 une
1121 1236 1234 1332 p'raelii
1291 1251 1292 1254 ’

182 1357 285 1446 parte
302 1353 347 1424 ad
364 1350 471 1424 aliam
488 1351 629 1438 transit,
649 1353 707 1424 vel
732 1375 754 1424 a
779 1375 908 1448 campo
926 1357 963 1424 et
989 1351 1113 1424 castris
1132 1351 1232 1425 Grae·

183 1492 307 1543 corum
338 1470 384 1542 ad
415 1469 540 1544 urbem
568 1468 728 1566 Trojam.
781 1469 867 1543 Erat
898 1470 995 1542 enim
1021 1469 1084 1543 illa
1112 1471 1234 1546 fabula

182 1587 290 1683 longe
316 1588 448 1661 diversi
474 1588 626 1684 generis,
650 1597 737 1675 erat,
757 1596 800 1660 ut
823 1585 993 1660 Graecum
1016 1589 1233 1662 vocabulum

183 1735 366 1810 usurpem,
385 1699 581 1805 παθητικὴ,
606 1713 812 1788 vehementi
834 1713 977 1788 actione
1000 1716 1107 1813 plena
1130 1718 1231 1790 nullo

183 1838 256 1912 fere
274 1839 462 1913 intervallo
479 1839 695 1937 interposito
709 1870 718 1927 ;
740 1840 853 1913 altera
870 1826 989 1931 ἠθικὴ,
1008 1841 1230 1939 tranquillio-

183 1980 259 2028 rem
270 1956 407 2030 habens
420 1958 458 2030 in
469 1980 508 2030 sc
522 1982 665 2031 morum
678 1967 714 2030 et
725 1957 920 2030 affectuum
940 1957 1228 2055 descriptionem,

181 2073 304 2146 minus
320 2073 442 2171 itaque
458 2075 619 2147 violento
643 2085 746 2147 motu
771 2075 933 2147 animum
952 2074 1123 2149 concitari
1142 2079 1229 2152 vult.

181 2188 229 2263 Et
250 2197 347 2264 certe
370 2190 464 2264 inter
487 2191 554 2264 hos
580 2191 733 2264 leniores
757 2193 909 2265 affectus
932 2198 969 2265 et
992 2193 1231 2268 intentionem

180 2307 301 2382 minus
335 2333 496 2382 severam
530 2308 639 2382 latius
672 2310 876 2405 prospicere
905 2310 1002 2383 vaiet
1031 2333 1132 2383 mens
1161 2311 1230 2384 hu-

182 2449 299 2513 mana,
321 2430 359 2498 et
384 2427 489 2522 plura
517 2427 655 2499 intuitu
686 2451 753 2500 suo
781 2427 972 2523 complecti
984 2457 994 2514 ;
1024 2427 1229 2502 etenimex

180 2541 318 2616 ratione
348 2543 613 2640 imperturbate
636 2549 674 2616 et
696 2543 858 2640 proprias
882 2544 978 2617 vices
1009 2543 1077 2616 rite
1099 2556 1229 2640 agente

179 2660 316 2758 pendet
341 2659 401 2732 illa
426 2657 536 2731 animi
554 2659 721 2748 facultas,
741 2683 812 2756 qua
838 2658 979 2733 dissitas
996 2682 1054 2732 res
1078 2658 1173 2733 inter
1190 2685 1229 2736 se

180 2777 327 2872 colligat
360 2782 397 2851 et
430 2777 752 2873 comprehensione
786 2776 942 2874 quadam
969 2776 1036 2850 sibi
1071 2777 1227 2873 subjicit.

181 2893 321 2968 Eadem
350 2895 395 2966 de
424 2918 533 2968 causa
561 2895 714 2968 libenter
743 2893 902 2990 patimur
922 2895 1066 2992 longam
1089 2895 1229 2992 Ulyssis

178 3013 510 3111 narrationemque
532 3037 669 3086 errores
696 3035 781 3086 suos
808 3024 844 3087 et
870 3019 986 3086 totam
1002 3013 1076 3088 fere
1092 3015 1229 3090 reditus

178 3131 309 3205 seriem
329 3131 488 3229 exponit.
543 3129 603 3204 Ita
623 3129 770 3227 quidem
793 3131 891 3206 huno
914 3134 1035 3206 locum
1060 3134 1228 3209 tractavit

177 3248 303 3335 Poeta,
322 3259 364 3323 ut
393 3273 436 3323 ee
463 3248 586 3322 omnia
612 3273 693 3346 quae
723 3250 870 3347 majoris
898 3259 985 3323 sunt
1012 3250 1228 3325 discriminis

177 3368 285 3466 plene
301 3375 518 3453 ennarraoet,
534 3372 664 3440 caetera
681 3393 747 3464 pro
760 3367 908 3441 arbitrio
926 3391 993 3441 suo
1006 3369 1062 3441 vel
1081 3393 1227 3464 prorsus

178 3483 374 3580 negligeret
384 3485 442 3557 vel
456 3483 584 3557 leviter
596 3485 867 3582 perstringerem
886 3485 938 3557 ita
949 3483 1227 3582 longosUlyssis

177 3601 319 3674 labores
336 3599 522 3698 percurrit,
537 3626 613 3675 non
631 3615 673 3676 ut
691 3600 832 3699 singula
850 3627 917 3676 suo
935 3625 1084 3700 quaeque
1101 3601 1227 3674 ordine

177 3743 221 3792 ac
238 3720 318 3793 loco
333 3719 581 3793 demonstrare
596 3726 772 3806 teneatur,
788 3720 851 3792 sed
874 3726 939 3812 (ut,
950 3718 1092 3792 Horatii
1108 3717 1227 3792 verbis

177 3839 352 3926 utam)—

386 3959 405 3990 “
415 3989 455 3999 -
469 3961 503 4013 ut
517 3953 650 4034 speciosa
664 3953 771 4014 dehinc
785 3953 928 4014 miracula
941 3958 1067 4034 promat.

254 4049 464 4131 Antiphatem,
480 4051 667 4132 Scyllamque
682 4062 794 4110 etcum
811 4049 942 4130 Cyclope
957 4047 1171 4131 Charybdim.'’

173 4191 271 4267 Illud
288 4191 398 4267 etiarn
415 4191 561 4268 Horatii
577 4192 651 4266 huo
669 4200 810 4289 spectat
824 4223 887 4265 :-

586 4377 594 4411 ¹
610 4378 706 4448 Poe..
721 4396 745 4456 c,
763 4396 810 4450 24.
