3058 4908
126 294 128 304 '
272 299 339 364 214
572 307 784 358 rumine-rio
807 307 1032 358 nuonrcrrrr.
1119 362 1131 376 ‚

273 456 403 534 animis
423 456 590 544 insident,
608 463 652 530 ut
668 458 727 531 vel
744 462 927 530 vetustate
944 458 1052 530 avelli
1070 481 1144 531 non
1161 457 1328 556 possint;

274 577 409 649 frustra
424 599 469 648 ex
494 576 619 671 paucis
642 598 792 648 summae
820 573 1048 671 antiquitatis
1069 574 1233 672 reliquiis
1249 598 1329 647 orn-

273 691 333 766 nia
359 717 403 765 eo
425 715 635 765 revocamus
647 722 657 778 ;
684 715 802 787 neque
827 690 925 763 enim
939 715 1098 783 ¹suorum
1124 693 1330 766 seculorum

274 808 475 882 recordatio
505 817 582 882 tam
610 807 684 882 cito
714 814 752 881 et
778 808 881 882 facile
912 832 958 881 ex
988 809 1120 882 animis
1150 810 1331 896 elabitur;

273 931 357 1000 tum
379 935 502 999 autem
525 924 631 998 istius
653 922 816 998 historiae
837 947 918 1022 quae
944 950 989 999 ex
1013 927 1189 1000 memoria
1213 927 1331 999 homi-

276 1068 366 1116 num
389 1044 523 1139 pendet
548 1051 680 1116 natura
704 1050 760 1116 est
782 1049 928 1118 vetusta
954 1069 1040 1118 cum
1064 1047 1170 1118 novis
1193 1044 1332 1118 immis-

275 1185 367 1248 cere,
394 1160 558 1235 ordinem
579 1167 618 1234 et
647 1161 775 1264 senem
797 1185 920 1234 rerum
942 1163 1166 1258 perturbare,
1192 1161 1267 1234 suis
1293 1169 1333 1234 ct

276 1278 536 1352 recentioribus
553 1279 670 1351 aliena
686 1285 723 1352 et
748 1277 898 1374 antiqua
914 1279 1084 1365 tribuere,
1102 1279 1167 1352 uni
1187 1303 1231 1352 ea
1249 1303 1333 1375 quae

276 1398 402 1470 multis
432 1397 666 1483 conveniunt,
695 1395 834 1471 homini
862 1421 943 1494 quae
970 1398 1082 1494 genti,
1111 1420 1180 1470 nec
1205 1405 1333 1470 tamen

276 1515 401 1588 statim
434 1513 598 1610 sequitur
630 1513 731 1586 hunc
763 1537 882 1586 unum
915 1515 1082 1602 anthus
1115 1513 1332 1587 recentiores

276 1656 426 1727 prorsus
443 1633 565 1704 nullos
582 1655 672 1717 esse,
690 1654 776 1704 cum
793 1655 836 1703 ea
854 1629 1108 1727 usurpaverint
1124 1654 1206 1729 quae
1223 1629 1333 1704 alieni

271 1747 365 1843 juris
395 1759 494 1822 sunt.
545 1747 688 1820 Rursus
712 1745 848 1820 Graecis
878 1757 914 1822 et
941 1749 1115 1822 Romanis
1142 1773 1222 1822 mos
1252 1755 1331 1822 erat

157 1903 160 1910 λ
276 1865 473 1938 virtutibus
504 1875 542 1939 et
568 1863 676 1951 vitiis,
701 1870 739 1937 et
769 1863 925 1959 singulis
954 1865 1068 1938 animi
1097 1865 1332 1938 facultatibus

276 1983 334 2056 vel
357 2005 549 2078 personam
572 1982 632 2054 vel
654 2005 763 2053 suurn
788 2005 926 2054 numen
946 1982 1117 2069 tribuere,
1142 2005 1185 2054 ea
1209 1987 1332 2056 autem

154 2171 157 2176 A
277 2099 427 2172 numina
439 2098 573 2195 ubique
590 2098 664 2171 fere
677 2097 869 2196 praesentia
882 2121 1079 2193 agnoscere
1093 2097 1190 2172 unde
1207 2123 1333 2195 super-

260 2215 380 2311 ‚stitio
411 2213 595 2312 popularis
629 2239 714 2286 cum
748 2213 955 2310 Allegorica
987 2216 1160 2312 loquendi
1192 2215 1334 2288 ratione

278 2356 516 2426 sepenumero
545 2331 737 2404 consentit.
791 2329 921 2428 Itaque
956 2330 986 2404 si
1015 2331 1170 2405 Achillis
1198 2332 1251 2404 ira
1275 2357 1332 2404 re-

278 2447 469 2545 primenda
493 2455 550 2520 est
571 2459 607 2521 et
628 2449 724 2520 intra
746 2447 881 2520 limites
903 2449 1113 2534 coercenda,
1137 2473 1333 2544 quemnam

156 2559 160 2566 ’
277 2563 401 2660 potius
423 2562 544 2638 Deum
566 2563 605 2636 in
627 2575 751 2660 partes
778 2585 862 2638 suas
892 2565 1051 2638 traheret
1073 2563 1196 2652 Poeta,
1220 2589 1335 2662 quam

277 2681 378 2753 iliam
396 2707 476 2778 quae
493 2681 694 2778 prudentiae
718 2687 756 2754 et
781 2681 965 2779 sapientiae
989 2683 1160 2755 humanae
1176 2683 1334 2756 tutelam

277 2797 381 2892 gerit.
435 2798 517 2871 Hoc
535 2822 619 2870 vero
636 2797 710 2870 sere
728 2807 783 2872 est
801 2797 1004 2895 Allegorice
1020 2797 1134 2896 loqui.

330 2915 400 2989 Sed
417 2917 494 2990 haec
511 2916 706 3013 aliquando
725 2915 833 2990 missa
850 2915 1038 3004 faciamus,
1055 2916 1156 2990 etad
1173 2915 1336 2989 historic

279 3043 417 3108 statum
431 3045 655 3106 transeamus
669 3066 678 3122 ;
702 3039 740 3106 et
758 3033 904 3130 quidem
916 3059 997 3108 eam
1014 3034 1147 3108 sabulis
1165 3034 1337 3107 refertam

154 3244 159 3256 Ι
278 3149 389 3224 fuisse
412 3161 448 3223 et
474 3175 520 3222 ex
537 3149 647 3224 unica
675 3152 850 3224 memoria
872 3150 1032 3249 pendere
1052 3151 1131 3247 jam
1156 3161 1265 3224 antea
1281 3150 1336 3224 vi·

279 3269 413 3354 dimus,
432 3291 549 3364 neque
566 3292 652 3340 vero
675 3292 741 3366 pro
760 3269 831 3340 isto
855 3293 977 3342 rerum
995 3275 1093 3343 statu
1112 3269 1240 3367 jejuna
1256 3275 1338 3342 erat

279 3391 345 3459 aut
364 3385 477 3481 copia
501 3408 636 3482 expers.
690 3382 778 3468 Quo
800 3386 915 3480 magis
937 3385 1145 3460 humanitas
1161 3386 1259 3473 vitae,
1278 3409 1337 3458 ar·

278 3504 372 3576 tium
399 3510 436 3576 et
465 3501 699 3576 scientiarum
728 3503 859 3575 notitia
888 3503 1117 3598 ingruebant,
1148 3527 1192 3576 eo
1213 3501 1337 3597 magis

281 3620 442 3694 studiose
453 3643 575 3692 rerum
590 3619 800 3692 memoriam
813 3621 1094 3694 conservabant:
1117 3627 1199 3692 tum
1211 3629 1338 3692 autern

280 3761 493 3811 communes
515 3736 585 3808 illae
603 3735 760 3833 plurium
787 3735 951 3832 gentium
970 3737 1029 3810 vel
1052 3737 1169 3810 totius
1187 3733 1339 3808 Graeciae

281 3853 528 3950 expeditiones
546 3857 619 3940 (eas
637 3851 717 3924 dico
734 3875 816 3948 quas
834 3850 984 3949 Septem
1001 3853 1111 3925 duces
1128 3862 1165 3926 ct
1177 3851 1340 3950 Epigoni

280 3979 407 4043 contra
422 3968 564 4043 Thebas
582 3976 773 4064 gesserunt
789 3993 831 4042 ac
847 3969 1028 4066 praecipue
1044 3968 1244 4066 Trojanum
1262 3967 1339 4040 bel·

280 4089 371 4176 lum)
392 4089 567 4161 memoria
588 4087 770 4183 digniores
793 4092 895 4159 erant
916 4113 1028 4184 quam
1051 4086 1114 4159 illa
1133 4111 1214 4182 quae
1236 4086 1339 4182 prius

281 4203 492 4277 obtinebant
509 4204 748 4277 finitimorum
761 4205 979 4301 populorum
991 4205 1231 4282 tumultuaria
1242 4203 1339 4277 belia

280 4329 392 4409 atque
418 4341 492 4389 uno
523 4318 647 4411 praelio
677 4317 877 4414 dirempta:
912 4328 993 4393 tum
1020 4325 1144 4391 autern
1176 4316 1336 4391 historiae
