3094 4898
431 978 866 1074 PRAELEOTIO
915 979 1165 1074 SEXTA.

639 1237 964 1250 ψ

274 1453 348 1620 IN
376 1451 605 1552 explorandis
636 1449 878 1525 Heroicorum
910 1456 1120 1548 temporum
1154 1448 1327 1536 moribus,

335 1571 374 1645 in
391 1596 474 1644 eum
498 1595 620 1643 rerum
638 1575 775 1642 statum
793 1569 998 1656 incidimus,
1013 1569 1076 1664 qui
1093 1569 1229 1664 populo
1246 1565 1330 1640 rudi

274 1689 404 1775 adbuc,
424 1694 461 1761 et
482 1689 597 1760 vitam
620 1687 813 1760 cultiorem
837 1683 988 1757 vixdum
1008 1685 1169 1778 ingresso
1195 1707 1326 1757 eonve-

275 1803 363 1875 niat.
415 1800 560 1875 Interea
576 1824 663 1874 vero
681 1797 796 1874 facilis
813 1804 869 1871 est
894 1797 1092 1894 disputatio
1109 1797 1199 1870 nihil
1215 1797 1254 1869 in
1271 1796 1328 1870 his

274 1919 382 1991 rebus
399 1939 538 1989 novum
555 1939 672 2011 neque
691 1913 898 1987 inauditum
918 1913 1084 2002 inveniri,
1103 1915 1167 1988 sed
1189 1939 1233 1988 ea
1249 1924 1330 1987 tan-

274 2039 356 2107 tum
370 2057 450 2131 quae
463 2033 547 2106 vitae
564 2031 733 2104 humanae
750 2055 899 2104 cursum
915 2035 954 2103 et
969 2055 1201 2127 progressum
1218 2031 1330 2105 comi-

274 2150 344 2222 tari
361 2150 500 2235 solent;
532 2149 666 2222 frustra
687 2147 800 2244 igitur
823 2145 861 2218 in
887 2153 1033 2220 tantum
1053 2147 1170 2220 efferri
1190 2172 1232 2220 ea
1249 2173 1331 2245 quae

276 2291 322 2339 ex
348 2265 423 2338 suis
447 2263 672 2362 temporibus
697 2263 858 2336 Homero
883 2263 1005 2337 oblata
1027 2269 1132 2337 erant
1157 2264 1329 2352 subsidia,

276 2407 357 2480 quae
391 2380 526 2456 scilicet
554 2405 671 2478 neque
704 2381 775 2453 iilis
809 2381 955 2477 propria
984 2387 1098 2467 erant,
1131 2405 1248 2478 neque
1278 2381 1341 2454 rei

277 2498 431 2572 Poeticae
460 2503 647 2594 tantopere
676 2495 904 2585 inserviunt;
940 2521 1050 2593 quam
1079 2496 1227 2595 quidem
1255 2498 1330 2570 dis-

276 2615 506 2714 putationem
521 2621 598 2688 tam
616 2638 689 2688 non
709 2612 858 2709 refugio,
873 2623 915 2686 ut
932 2611 970 2686 in
988 2613 1086 2686 illam
1104 2615 1216 2687 etiam
1232 2615 1331 2688 ultro

277 2759 337 2810 me
358 2735 569 2832 proripiam,
588 2739 626 2807 et
649 2734 750 2806 illam
775 2731 1005 2807 heroicorum
1022 2742 1229 2830 temporum
1246 2757 1331 2806 cum

277 2853 357 2924 aliis
373 2850 603 2925 collationem
620 2851 719 2923 uitro
736 2849 937 2922 instituam.
974 2847 1008 2920 N
1010 2872 1052 2921 eo
1065 2874 1150 2923 vero
1165 2848 1331 2924 omnium

276 2969 443 3064 gentium
461 2966 646 3040 historiam
664 2969 830 3040 evolvere
855 2967 895 3039 in
919 2965 1041 3039 animo
1066 2974 1133 3055 est,
1153 2967 1271 3040 sedin
1288 2967 1332 3040 iis

277 3083 363 3158 solis
396 3082 591 3171 immorari,
628 3107 709 3179 quae
741 3091 909 3156 veterum
945 3081 1140 3156 Graiorum
1173 3083 1332 3156 indolem

276 3197 440 3295 proxime
466 3195 651 3292 attingunt
663 3229 672 3283 3
699 3205 809 3295 atque
835 3221 880 3272 ex
908 3200 976 3272 bac
1004 3198 1202 3297 quaestione
1229 3199 1332 3272 facile

209 3307 215 3318 ’
277 3315 347 3388 erit
380 3315 419 3386 in
448 3337 534 3386 eum
563 3337 673 3410 quem
702 3317 873 3388 volumus
903 3315 1014 3388 finem
1044 3316 1188 3402 delabi3
1229 3315 1333 3388 facile

277 3429 375 3504 enim
401 3429 592 3519 constabit,
622 3455 667 3503 ex
695 3456 767 3529 qua
794 3443 895 3529 parte
922 3431 961 3504 in
987 3433 1113 3506 eadem
1141 3457 1227 3507 curn
1253 3431 1331 3506 aliis

278 3546 428 3620 materia
444 3557 608 3620 versatus
632 3554 688 3621 est
704 3548 828 3636 Poeta,
847 3554 886 3621 et
911 3573 953 3620 ex
979 3572 1052 3645 qua
1076 3549 1231 3623 invicem
1247 3573 1333 3647 pro-

277 3663 397 3760 prium
415 3663 483 3738 sibi
501 3663 668 3738 carminis
686 3675 942 3760 argumentum
958 3665 1097 3738 babuit.

328 3780 434 3854 Hanc
460 3789 584 3855 autem
604 3805 682 3855 rem
703 3807 776 3879 quo
800 3781 908 3856 altius
932 3789 1151 3879 repetamus
1168 3783 1216 3856 ad
1241 3782 1334 3856 auti·

278 3895 451 3992 quissima
477 3904 643 3995 tempora
669 3895 934 3994 respiciendum
956 3905 1026 3984 est,
1052 3899 1099 3972 ad
1126 3899 1227 3971 illam
1254 3897 1334 3970 dico

276 4015 442 4083 veterum
459 4012 751 4088 Patriarcbarum
769 4015 880 4088 vitam
898 4041 1008 4112 quam
1032 4014 1071 4090 in
1087 4015 1207 4114 primo
1224 4039 1334 4090 sacrae

279 4124 476 4222 Scripturae
506 4129 599 4203 libro
628 4131 832 4204 luculenter
861 4132 1114 4206 adumbratam
1142 4132 1333 4206 babemus.

277 4241 366 4317 Non
389 4243 487 4316 enim
505 4245 606 4319 nesas
624 4247 705 4336 erit,
724 4273 809 4321 cum
836 4248 913 4323 haec
931 4247 999 4324 Dei
1018 4249 1162 4347 Optimi
1179 4247 1336 4323 Maximi
