3058 4902
489 322 703 370 rmneorro
722 323 984 374 unsrun-norm.
1198 315 1264 379 327

210 467 396 564 politicam
421 469 650 544 concordiam
673 476 712 543 et
738 476 910 544 mutuum
931 471 1108 544 auxilium
1130 471 1259 545 cohor·

209 586 338 659 londos
355 609 434 659 esse
451 585 557 660 docet
573 591 652 659 totu
675 592 712 659 et
729 587 861 660 Iliados
885 593 923 660 et
941 587 1111 684 Odysseae
1128 587 1260 674 fabula,

208 725 326 797 neque
355 727 441 776 vero
471 703 548 775 sine
577 703 704 776 amicis
736 713 774 775 et
803 704 909 776 sociis
938 703 1101 799 potentie
1129 727 1196 776 sua
1225 714 1262 776 et

209 816 345 892 divitiis
362 817 542 914 principes
558 817 627 890 viri
644 817 715 890 frui
731 824 887 914 possunt
901 849 963 890 :—

360 965 396 1022 Ὠ
409 971 494 1041 μάκαρ
506 969 633 1042 Ἀτρείδη,
646 969 805 1041 μοιρηγενὲς,
818 969 999 1040 ὀλβιόδαιμον,

361 1058 400 1119 Ἦ
414 1063 449 1136 ῥά
461 1062 492 1120 vri
504 1085 545 1120 ros
557 1065 656 1120 πολλοὶ
669 1063 797 1134 &opipare
810 1069 899 1138 κοῦροι
910 1067 1023 1138 Ἀχαιῶν
1031 1071 1051 1120 ⁷.

210 1185 398 1261 Intellexit
423 1189 534 1261 etiam
563 1195 673 1284 poeto
697 1189 806 1262 finem
836 1195 874 1263 et
904 1192 1106 1287 subjectum
1132 1191 1263 1266 amoris

210 1326 289 1377 esse
304 1304 363 1375 vel
379 1303 470 1379 illud
488 1303 585 1401 quod
602 1305 742 1377 bonum
758 1311 815 1378 cst
831 1307 890 1377 vel
911 1306 1000 1379 illud
1018 1309 1116 1404 quod
1130 1307 1262 1403 jucun·

211 1418 346 1506 dum¹3
372 1419 463 1492 illud
489 1421 588 1516 quod
614 1423 751 1494 bonum
777 1431 832 1494 est
862 1429 1042 1519 quatenus
1065 1435 1108 1497 ut
1135 1425 1174 1496 in
1200 1449 1262 1497 ex-

211 1537 341 1631 emplis
372 1560 481 1633 supra
510 1535 629 1610 citatis
659 1537 697 1609 in
724 1538 896 1612 virtutem
926 1564 965 1613 se
992 1539 1141 1637 effingit,
1166 1540 1263 1614 illius

212 1650 310 1746 quod
322 1648 529 1746 jucundum
547 1658 603 1725 est
619 1651 695 1725 vim
712 1653 800 1726 satis
816 1653 1029 1751 exprimunt
1040 1686 1100 1728 :-

526 1821 567 1834 ·-
580 1795 716 1865 ὁμηλικίην
728 1795 859 1867 ἐρατεινήν
866 1801 886 1850 “.

371 1910 502 1968 utem
514 1911 639 1986 τέρποντο
651 1916 717 1986 πρὸς
729 1913 864 1985 ἀλλήλους
874 1915 1009 1974 ἐνέποντες
1018 1911 1037 1972 ¹².

373 2029 444 2090 Ἔνθ’
459 2035 497 2088 in
509 2035 557 2104 pir
569 2036 692 2107 φιλότης.
706 2035 734 2091 ἐν
747 2034 772 2092 δ’
785 2034 884 2108 ἵμερος.
899 2037 926 2091 ἐν
939 2036 961 2092 δ’
976 2037 1099 2107 ὀαριστὺς

288 2125 290 2132 ’
371 2131 514 2202 Hippocen
526 2130 565 2200 ἤτ’
580 2132 679 2203 ἔκλεψε
693 2134 752 2187 νόον
764 2130 832 2187 πύκα
845 2153 895 2201 περ
909 2134 1074 2205 φρονεόντων
1081 2138 1103 2189 ⁰.

213 2256 398 2331 Affectum
431 2259 570 2328 autem'
588 2255 702 2328 istum
736 2255 774 2328 in
805 2257 967 2334 amicitia
999 2259 1143 2355 proprie
1172 2261 1267 2336 dieta

214 2377 319 2472 plene
353 2379 546 2470 exponunt
579 2395 680 2470 quae·
700 2374 745 2446 de
779 2374 924 2448 Achille
958 2387 995 2450 et
1028 2377 1195 2452 Patroclo
1228 2381 1267 2452 in

214 2489 326 2564 Iliade
342 2491 548 2563 traduntur.

266 2613 349 2688 Hoc
364 2611 476 2710 igitur
489 2637 682 2686 commune
696 2613 883 2686 vinculum
901 2620 956 2687 est
967 2640 1040 2710 quo
1054 2616 1171 2690 omnis
1185 2618 1267 2690 vilse

216 2737 423 2813 humanitas
453 2738 683 2810 continetur:
716 2737 779 2809 sed
808 2742 847 2808 et
876 2737 1064 2833 proprium
1094 2739 1268 2814 habemus

215 2855 493 2950 vinculumque
519 2854 564 2926 ad
591 2852 707 2927 aliena
731 2851 930 2926 infortunia
954 2854 1173 2929 sublevanda
1198 2858 1268 2930 sol·

215 2971 405 3046 licitumur.
459 2969 531 3043 Hic
548 2969 626 3066 jam
643 2993 735 3065 opus
752 2976 809 3042 est
820 3053 822 3058 .
835 2969 963 3042 acriori
980 2994 1087 3043 sensu
1105 2978 1142 3045 et
1159 2972 1266 3045 vehe-

217 3086 383 3160 mentiori
396 3085 528 3159 mentis
546 3092 661 3158 motu.
698 3069 949 3159 Misericordia
965 3084 1087 3180 itaque
1104 3090 1268 3162 omnium

216 3203 289 3276 sere
313 3204 454 3276 animos
480 3201 608 3297 tangit.
663 3201 796 3274 Priami
826 3225 911 3298 ergo
935 3202 1117 3276 Achillem
1142 3230 1268 3300 preces

216 3326 333 3392 totum
366 3341 444 3391 rem
475 3317 675 3391 continent.
726 3316 828 3390 Inest
861 3319 898 3390 in
932 3319 1004 3392 hoc
1041 3320 1171 3393 affeetu
1208 3323 1271 3394 do·

217 3436 304 3508 loris
333 3433 479 3530 aliquid.
532 3433 660 3530 Itaque
689 3433 846 3508 Achilles
879 3435 918 3508 in
951 3435 1155 3532 lachrymas
1184 3462 1267 3535 pro·

218 3550 355 3648 rumpit
367 3581 429 3623 :-

377 3651 515 3725 otmtpov
527 3652 621 3707 πολιόν
632 3673 660 3706 τε
674 3653 738 3724 κάρη
751 3654 846 3708 πολιόν
858 3674 887 3707 τε
899 3648 1027 3726 γένιιονά.

220 3777 345 3851 Oritur
361 3801 405 3850 ex
427 3777 549 3874 magni
567 3776 655 3849 mali
672 3775 864 3872 opinione:
897 3777 1018 3874 itaque
1036 3777 1201 3853 Priamus
1218 3806 1271 3853 re·

218 3919 302 3967 rum
319 3892 414 3966 vices
432 3917 521 3990 quos
537 3892 615 3990 ipse
634 3901 806 3989 expertus
824 3903 877 3966 est
896 3877 1070 3967 recenset.
1112 3895 1272 3972 Necesse

219 4016 275 4085 est
293 4008 403 4084 etiam
428 4009 532 4082 illum
550 4034 658 4105 quem
684 4008 895 4083 miseramur
911 4008 1100 4104 indignum
1116 4011 1194 4086 sore
1210 4013 1273 4109 qui

260 4177 274 4220 ν
294 4167 338 4227 Il.
353 4179 383 4226 Γ.
403 4169 469 4225 182.
808 4167 877 4226 ¹11.
894 4167 986 4226 roe.
1030 4163 1044 4204 l
1065 4165 1140 4228 lbid.
1156 4183 1187 4229 Λ.
1203 4169 1271 4246 642.

259 4257 269 4282 ¹
288 4246 360 4308 Vid.
385 4248 485 4306 Arist.
505 4245 578 4306 stt.
602 4246 729 4315 Nwom..
808 4245 910 4304 ⁸lbid.
924 4258 955 4308 z.
973 4245 1039 4304 216.

218 4325 241 4385 l.
256 4325 316 4386 viii.
331 4343 357 4385 c.
374 4343 401 4385 2.
808 4323 910 4384 fllbid.
926 4337 958 4383 α.
973 4323 1038 4401 516.
