3058 4908
256 311 324 376 220
524 321 739 371 ennnncrro
757 320 1055 370 neema-runnu.

259 475 318 545 vel
336 471 493 545 hominis
510 472 661 546 historia
686 471 858 546 libentius
882 472 1132 559 immoramur,
1150 495 1258 568 quam
1277 473 1318 544 in

259 587 330 662 illis
352 613 433 685 quae
450 589 597 666 vinculo
615 588 764 663 omnino
787 598 932 675 carent3
960 586 1011 661 ita
1035 588 1075 660 in
1099 588 1208 661 rebus
1234 613 1315 685 quae

260 703 426 780 sensrbus
455 706 677 802 objiciuntur
706 703 924 802 requirimus
953 705 1015 778 illa
1044 730 1126 802 quae
1154 705 1249 778 inter
1277 729 1317 779 sc

260 824 471 896 societatem
498 824 637 910 ineunt,
663 834 700 896 et
725 846 800 895 uno
827 822 966 895 intuitu
994 821 1202 918 perlustrari
1227 847 1316 919 que-

259 949 340 1013 unt.
381 939 518 1012 Eadem
535 963 593 1012 res
611 948 649 1011 et
665 939 703 1011 in
719 938 863 1035 pictura
878 948 917 1011 et
934 939 973 1010 in
991 939 1178 1034 sculptura
1193 939 1318 1011 locum
1381 939 1385 949 '

260 1056 391 1130 habet:
419 1080 500 1152 quae
518 1056 635 1128 multa
660 1064 748 1129 sunt
770 1061 808 1128 et
832 1055 928 1127 inter
944 1078 982 1127 se
999 1054 1179 1150 disjuncta
1195 1055 1317 1128 divor·

260 1197 343 1245 sum
361 1184 475 1268 agunt
500 1173 666 1246 animum
684 1183 721 1244 et
739 1178 897 1258 vexant;
924 1195 997 1267 quo
1014 1179 1138 1244 autem
1155 1171 1317 1245 strictius

261 1291 310 1364 sit
325 1289 416 1362 illud
441 1312 636 1362 commune
651 1287 839 1361 vinculum
864 1311 907 1360 eo
933 1288 1050 1385 magis
1076 1288 1315 1360 oblectamur.

260 1405 425 1481 Maxima
442 1405 552 1502 igitur
569 1429 655 1478 eum
672 1404 913 1478 oblectatione
938 1405 985 1478 ad
1005 1404 1106 1478 illam
1122 1405 1316 1478 Actionem
1378 1455 1382 1461 -

260 1524 584 1621 complectendam,
610 1546 691 1620 quae
717 1546 792 1595 una
819 1523 868 1595 sit
894 1529 932 1596 et
959 1547 1006 1595 ex
1030 1524 1134 1619 justo
1156 1524 1317 1618 partium

260 1665 413 1713 numero
443 1648 598 1726 constet,
626 1665 665 1713 se
694 1638 850 1736 accingit
879 1663 984 1712 mens
1009 1639 1181 1713 humana.
1232 1639 1317 1714 Hoc

260 1765 316 1832 est
346 1760 436 1832 illud
466 1759 677 1832 Aristotelis
706 1758 806 1855 quod
839 1759 878 1831 in
912 1759 1052 1832 artibus
1086 1766 1124 1832 et
1157 1757 1316 1832 scientiis

257 1895 405 1962 tantum
422 1890 519 1961 valet
536 1875 769 1959 εὐσύνοπτον
787 1893 825 1960 ct
846 1875 1151 1979 εὐμνημόνευτον.
1189 1889 1317 1985 ltaque

260 2007 324 2079 ubi
353 2005 400 2078 ad
429 2003 610 2102 vitamet
644 2028 764 2077 mores
798 2005 990 2078 bominum
1023 2006 1215 2079 musici-at
1243 2007 1316 2080 Ars

260 2122 418 2210 Poetioa,
433 2123 638 2219 proximum
656 2127 734 2194 erat
751 2147 873 2196 rerum
891 2121 1019 2194 seriem
1032 2122 1100 2195 sibi
1117 2111 1315 2220 subjicere:

258 2239 431 2336 frigidum
457 2250 554 2313 esset
579 2263 752 2336 personas
778 2250 815 2312 et
842 2263 962 2312 mores
988 2263 1010 2311 a
1039 2239 1146 2313 factis
1171 2242 1317 2314 avulsos

121 2449 127 2464 ι
259 2350 471 2454 exprimere,
491 2366 601 2452 atque
626 2357 664 2428 in
683 2355 754 2428 boc
777 2356 945 2453 profectu
964 2381 1032 2430 suo
1059 2358 1160 2430 illam
1178 2355 1317 2431 Home·

259 2495 344 2547 rum
360 2474 553 2547 authorem
570 2473 741 2547 habuisse
758 2475 867 2546 eredo
877 2481 901 2544 ¹.
938 2471 1019 2547 Nec
1032 2499 1119 2548 vero
1135 2473 1174 2546 in
1186 2477 1319 2570 exigua

259 2591 529 2664 narratiuncula
554 2589 753 2663 consistere
769 2589 888 2662 voluit
910 2589 1074 2664 divinum
1099 2591 1191 2664 illud
1215 2592 1318 2688 inge-

259 2708 374 2794 nium,
387 2707 450 2780 sed
463 2705 621 2803 amplius
640 2705 708 2780 sibi
725 2706 885 2802 spatium
899 2709 1094 2803 quaerebat,
1107 2716 1157 2796 et,
1169 2708 1319 2784 inventa

253 2825 331 2922 jam
349 2824 483 2909 sabula,
502 2823 541 2895 in
559 2847 601 2895 ea
620 2823 785 2919 personis
808 2834 845 2896 et
865 2825 1026 2898 moribus
1044 2836 1217 2922 tanquam
1233 2851 1318 2922 par-

259 2940 359 3015 tibus
387 2939 596 3036 subjectivis
626 2964 736 3013 suum
765 2942 889 3013 locum
913 2941 1077 3014 ordinate
1107 2942 1318 3020 distribuit:

259 3071 345 3133 ante
371 3059 474 3131 illum
500 3057 539 3131 in
563 3058 714 3154 singulis
744 3058 908 3131 historiis
937 3063 975 3132 et
1000 3059 1227 3155 singulorum
1250 3061 1318 3133 ho-

259 3175 399 3249 minum
434 3175 603 3248 laudibus
638 3176 766 3272 poesin
800 3175 1006 3252 substitisse
1035 3176 1205 3249 credibile
1238 3187 1295 3250 est
1307 3209 1317 3264 ;

258 3295 359 3367 nulla
375 3302 471 3366 certe
487 3291 526 3363 in
543 3293 643 3366 omni
660 3293 878 3389 antiquitate
890 3291 993 3388 Epici
1009 3291 1199 3389 poematis,
1218 3293 1319 3389 quod

197 3479 206 3496 ,
257 3409 458 3507 legitimam
475 3408 764 3505 magnitudinem
780 3417 819 3482 et
836 3433 920 3482 suas
937 3421 1060 3505 partes
1076 3409 1219 3508 lrabeat,
1240 3408 1317 3482 Ho

259 3551 403 3599 merum
429 3536 553 3598 autem
579 3531 763 3597 vetustate
792 3533 952 3622 superet,
981 3524 1136 3622 vestigia
1161 3526 1317 3622 reperio.

259 3643 387 3718 Potuit
415 3644 461 3716 ab
489 3641 568 3714 aliis
596 3638 766 3714 didicisse
795 3649 974 3738 quantum
1002 3641 1041 3714 in
1068 3641 1171 3738 poesi
1197 3643 1319 3714 valam

258 3760 344 3832 vitae
363 3771 402 3832 et
428 3782 574 3831 morum
590 3757 817 3831 adumbratio
832 3791 841 3844 3
869 3782 956 3831 mox
973 3757 1069 3830 sacili
1093 3783 1160 3854 pro
1178 3783 1246 3831 suo
1262 3758 1318 3830 in·

257 3876 364 3973 genio
387 3898 580 3972 progressu
604 3875 831 3972 perspexisse
857 3875 1071 3948 crediderim
1088 3899 1200 3972 quarn
1215 3883 1318 3948 arcto

257 3993 353 4066 inter
378 4017 416 4065 se
441 3993 589 4065 viuculo
615 3990 834 4088 colligantur
857 3991 1022 4066 Historia
1046 3999 1084 4065 et
1109 4015 1228 4066 mores
1251 3993 1318 4064 bo-

257 4111 412 4196 minum,
431 4121 469 4183 et
486 4117 665 4206 quantum
682 4109 745 4183 illa
770 4109 849 4184 aliis
866 4107 1036 4183 omnibus
1060 4116 1212 4205 praestat
1230 4107 1316 4182 His·

255 4221 351 4342 toria
367 4250 449 4322 quae
466 4251 540 4300 una
561 4226 610 4300 sit
635 4234 674 4300 et
699 4225 765 4299 sibi
793 4231 948 4312 constet,
967 4231 1006 4300 et
1032 4228 1166 4300 molem
1183 4227 1314 4300 babeat

657 4374 669 4403 ¹
689 4363 756 4422 Vid.
773 4363 866 4424 Prot.
883 4383 915 4442 7.
