3094 4898
548 287 934 346 raanucrrooacrrra.
1205 277 1268 340 168

212 443 269 510 est
287 436 350 526 vis,
369 439 428 512 vel
446 437 694 512 Substantiam
715 439 773 511 vel
796 461 838 511 ea
859 463 940 537 quae
964 437 1183 513 Substantias
1206 463 1267 512 ac-

214 553 342 629 cidunt
375 555 576 652 designant.
629 553 737 628 Hunc
771 554 926 652 primam
960 555 1113 630 Naturae
1148 556 1266 630 distri·

214 673 403 748 butionem
436 697 665 771 unaquaeque
691 672 815 769 lingua
845 680 969 748 secuta
998 684 1068 762 est,
1100 673 1170 747 boc
1201 673 1269 748 sibi

213 788 494 864 fundamentum
528 788 680 877 habuit;
718 789 804 863 hinc
838 791 875 861 in
910 781 1126 889 unaquaque
1157 790 1268 864 babes

215 914 253 982 et
274 909 437 982 Nomina
461 919 497 982 et
514 907 634 982 Verba
658 919 696 981 et
719 913 868 982 caeteras
895 907 1019 982 sormae
1046 909 1165 982 minus
1188 934 1269 1006 per-

214 1025 318 1099 sectae
346 1023 536 1100 Orationis
565 1031 688 1122 partes
718 1049 799 1122 quae
834 1026 901 1099 sub
933 1025 990 1098 his
1021 1026 1169 1099 cadunt.
1223 1024 1270 1098 In

214 1143 427 1218 universum
457 1143 578 1240 itaque
607 1144 665 1216 vel
687 1141 983 1217 Substantiamm
1010 1145 1067 1215 vel
1092 1142 1269 1216 Acciden-

215 1259 310 1333 tium
327 1259 477 1333 nomina
494 1258 683 1346 habemus,
703 1264 812 1356 atque
839 1258 916 1332 haec
941 1260 1090 1332 nomina
1116 1259 1191 1332 suis
1216 1284 1270 1332 re·

215 1390 284 1462 bus
302 1391 533 1486 assignantur
549 1414 594 1462 ex
611 1395 739 1462 mutuo
758 1413 937 1463 consensu
955 1388 1156 1477 hominum,
1176 1377 1272 1460 κατὰ

216 1507 435 1610 συνθήκην.·
465 1544 540 1592 non
570 1519 668 1593 enim
696 1517 911 1592 Orationem
941 1520 1058 1617 ipsam
1088 1519 1151 1593 sed
1179 1517 1270 1592 Ora-

215 1635 326 1710 tionis
357 1637 601 1711 instrumenta
628 1662 649 1711 a
678 1645 808 1712 natura
842 1638 1039 1725 babemus‚'
1059 1644 1096 1711 et
1126 1637 1271 1734 quidem

219 1751 513 1828 Substantiamm
526 1754 679 1828 nomina
690 1755 799 1851 juxta
815 1749 953 1828 naturae
970 1760 1133 1828 tenorem
1151 1753 1272 1852 priora

218 1895 297 1944 esse
328 1872 465 1967 judico,
495 1874 595 1969 prius
622 1873 720 1946 enim
750 1879 806 1946 est
833 1872 886 1945 rei
911 1871 980 1970 ipsi
1008 1897 1143 1946 nomen
1172 1873 1269 1958 dare,

218 1989 350 2062 deinde
382 1988 619 2086 proprietates
650 1990 728 2085 ejus
757 1999 794 2062 et
820 1989 1021 2063 accidentia
1053 1988 1092 2062 in
1119 2000 1272 2062 examen

220 2130 400 2180 revocare.
430 2107 501 2180 Eas
519 2113 642 2180 autem
657 2129 713 2179 res
732 2130 798 2180 sua
811 2104 958 2180 nomina
974 2107 1075 2203 prius
1093 2105 1273 2203 accepisse

219 2221 389 2296 credibile
406 2233 472 2311 est,
492 2247 573 2322 quae
591 2223 796 2296 communis
814 2233 899 2296 sunt
917 2223 1002 2297 vitea
1020 2230 1055 2297 et
1073 2221 1274 2321 quotidiani

220 2365 320 2428 usus,
339 2347 449 2439 atque
471 2341 509 2414 in
528 2341 584 2414 his
601 2341 747 2439 quidem
768 2341 921 2416 tortasse
944 2341 1171 2438 simplicioris
1189 2343 1274 2414 vitae

221 2482 340 2532 sermo
366 2457 429 2531 diu
453 2458 669 2532 immoratus
695 2464 762 2546 est,
781 2459 933 2533 formam
959 2464 1127 2533 suamet
1153 2455 1273 2530 multi-

220 2577 354 2673 plicem
383 2575 458 2649 vim
487 2576 595 2649 lentis
628 2577 799 2672 gradibus
834 2588 1033 2652 assecutus.
1089 2576 1274 2649 Generum

132 2701 140 2711 ‘
221 2703 344 2768 autem
389 2699 427 2766 et
472 2692 685 2790 Specierum
725 2693 933 2767 nominibus
974 2693 1074 2766 nulla
1113 2715 1274 2788 unquam

220 2811 346 2906 lingua
368 2834 490 2884 carere
516 2809 659 2907 potuit:
688 2808 784 2883 facili
810 2817 913 2882 motu
931 2810 996 2882 bas
1022 2807 1091 2881 sibi
1107 2808 1274 2881 notiones

221 2927 326 3024 fingit
349 2927 501 3015 animus,
520 2951 638 3022 neque
661 2926 738 3000 sine
757 2926 812 3000 bis
829 2927 946 3000 ullum
964 2949 1167 3001 sermonem
1185 2924 1275 2999 inire

221 3053 353 3142 potest.
406 3044 478 3118 Sed
496 3047 553 3118 vel
572 3044 667 3117 intra
691 3068 924 3118 communem
941 3044 1065 3131 vitam,
1084 3043 1180 3117 intra
1198 3043 1275 3116 haec

222 3161 403 3236 nascentis
420 3163 555 3258 linguae
573 3161 781 3258 primordia,
799 3162 994 3236 verborum
1011 3185 1184 3234 numerus
1201 3161 1274 3234 cito

221 3279 329 3352 nimis
347 3285 564 3353 accresceret
581 3302 726 3352 necesse
743 3285 811 3368 est,
827 3289 864 3353 et
882 3279 976 3352 mole
990 3303 1055 3352 sua
1073 3279 1272 3365 laboraret;

223 3396 430 3484 verborum,
449 3395 611 3492 inquam,
632 3419 712 3494 quae
730 3419 775 3468 ex
801 3412 900 3468 mero
919 3393 1109 3467 hominum
1127 3394 1275 3466 arbitrio

221 3514 393 3608 pendent,
429 3538 552 3587 rerum
595 3538 639 3586 err
683 3513 852 3586 instituto
892 3512 1067 3608 symbola,
1103 3511 1193 3582 adeo
1233 3517 1276 3582 ut

221 3653 338 3726 neque
364 3630 469 3704 facile
493 3630 764 3726 interpretanda
790 3639 920 3714 essent,
938 3651 1055 3724 neque
1082 3627 1119 3697 in
1140 3649 1275 3697 memo-

220 3747 311 3820 riam
328 3747 554 3835 revocanda;
587 3746 674 3844 quin
692 3756 728 3819 et
749 3747 826 3842 jam
843 3750 923 3819 tum
947 3769 990 3817 eo
1015 3743 1181 3816 enisurus
1198 3765 1278 3814 esse

220 3864 390 3938 credibile
407 3870 474 3952 est,
494 3871 538 3938 ut
556 3888 674 3936 rerum
694 3863 874 3960 quandam
892 3859 1165 3934 similitudinem
1183 3857 1278 3931 inter

220 3981 446 4075 loquendum
481 3989 767 4077 assequerentur,
802 4000 918 4073 neque
956 3977 1052 4050 enim
1083 4001 1127 4050 eo
1161 3999 1277 4071 usque

221 4099 429 4173 delitescere
464 4098 586 4196 potuit
616 4097 768 4191 facultas
803 4097 864 4169 illa
893 4094 1014 4182 animi,
1044 4119 1116 4191 qua
1146 4093 1278 4166 similia

219 4217 315 4291 inter
333 4241 372 4290 se
390 4215 532 4290 confert
549 4226 658 4314 atque
669 4213 867 4313 componit,
884 4211 1071 4288 dissimilia
1088 4211 1275 4308 disjungit,

220 4334 308 4431 quin
326 4340 365 4408 et
381 4336 426 4409 ad
444 4333 610 4408 imitandi
628 4356 788 4408 amorem
807 4331 964 4406 naturali
981 4329 1139 4430 quodam
1156 4326 1278 4400 studio

717 4453 787 4524 m2
