3094 4898
548 325 761 374 remanorro
780 326 949 375 sarrana
1215 311 1276 372 113

220 478 342 565 syas⁰.·
393 471 557 544 Eandem
585 472 793 547 Phemonoe
819 473 1022 569 Delphical
1048 484 1083 547 et
1111 475 1214 548 Bacis
1239 485 1276 550 et

220 587 358 683 Sibylla
387 597 422 662 et
448 589 680 662 Philammon
706 591 907 687 Delphicus
918 599 942 676 ¹¹,
962 617 1007 664 ex
1028 592 1106 689 ipsa
1136 591 1277 666 Graecia

218 704 401 800 religionis
423 707 500 802 jam
525 707 760 802 provectioris
787 707 967 780 antistites
980 739 989 794 ;
1022 709 1111 804 quin
1139 710 1275 805 etjam

219 843 319 892 nunc
348 831 544 918 supersunt
574 822 838 919 quamplurima
866 847 946 920 quae
972 824 1108 920 Orphei
1139 849 1273 898 nomen

193 960 293 1031 prae
320 938 516 1024 aeternat,
543 949 739 1034 supersunt
769 941 876 1012 etiam
910 965 953 1013 ex
981 939 1115 1012 Musaei
1147 951 1183 1013 et
1210 943 1273 1014 ali-

219 1077 325 1125 orum
348 1054 489 1150 scriptis
514 1065 693 1151 excerpta.
745 1054 870 1149 Longe
893 1061 1015 1128 autem
1040 1057 1144 1152 plura
1162 1057 1273 1129 luisse

220 1192 300 1263 quae
326 1170 395 1243 sub
424 1195 550 1243 eorum
581 1171 788 1244 nominibus
816 1171 903 1243 olim
930 1171 1274 1245 circumferebantur

145 1287 153 1388 J
219 1307 267 1354 ex
285 1285 506 1380 optimorum
524 1287 721 1360 authorum
743 1287 960 1360 testimoniis
983 1293 1096 1382 patet.
1149 1284 1274 1360 Citan-

220 1421 281 1484 tur
298 1413 343 1485 ab
366 1414 445 1509 ipso
469 1414 666 1488 Aristotele
691 1439 765 1488 non
791 1415 901 1488 semel
919 1403 966 1486 τὰ
982 1403 1149 1511 Ὀρφικὰ
1168 1406 1237 1505 ἔπη
1249 1425 1272 1500 f,

220 1523 266 1596 de
288 1525 417 1597 iisdem
440 1531 610 1622 tanquam
636 1526 680 1599 iis
705 1550 785 1623 quae
808 1527 974 1599 omnium
998 1525 1167 1598 manibus
1184 1525 1273 1599 sere-

218 1639 353 1712 bantur
377 1641 539 1738 loquitur
563 1642 667 1716 Plato
678 1651 698 1714 ³.
753 1642 824 1715 Sed
855 1641 1040 1715 tamenin
1067 1651 1170 1714 tanto
1196 1665 1274 1714 om-

220 1756 324 1828 nium
353 1779 531 1831 consensu
561 1783 635 1831 non
666 1782 782 1854 pauca
811 1768 896 1830 sunt
928 1782 1008 1853 quae
1041 1756 1274 1831 festinantem

219 1872 351 1945 morari
380 1873 534 1969 possint.
587 1873 709 1947 Primo
740 1874 833 1946 enim
864 1874 954 1946 illud
984 1873 1273 1946 animadverten-

219 1989 308 2061 dum
326 1996 382 2062 est
398 1990 690 2086 antiquissimum
703 2015 883 2088 quemque
901 1990 1110 2086 scriptorem
1130 1990 1274 2085 parcius

219 2107 265 2177 de
298 2105 439 2201 scriptis
475 2105 615 2204 Orphei
649 2113 686 2180 et
718 2113 932 2180 oaeterorum
967 2106 1185 2178 carminibus
1221 2108 1275 2179 lo·
1399 2185 1404 2194 ,

219 2229 378 2316 quutum
403 2245 493 2308 esse,
522 2221 735 2296 recentiores
766 2222 879 2318 magis
910 2223 1116 2320 frequenter
1141 2229 1178 2294 et
1210 2247 1275 2294 au-

220 2339 352 2410 dacter.
405 2338 628 2412 Herodotus·
640 2340 831 2412 decantata
851 2339 912 2411 illa
929 2337 1102 2434 Orphica,
1122 2348 1165 2411 ut
1183 2338 1274 2410 mihi

218 2455 375 2542 videtur,
391 2479 538 2550 prorsus
552 2479 626 2528 non
639 2457 814 2550 agnoseit,
830 2455 934 2551 cujus
948 2461 1070 2527 tamen
1089 2454 1274 2527 solertiam

219 2581 256 2644 et
274 2571 504 2643 sedulitatem
521 2569 582 2643 vix
599 2573 756 2668 effugere
777 2571 992 2667 potuissent,
1011 2571 1041 2641 si
1058 2569 1184 2642 eadem
1204 2593 1275 2666 qua

220 2695 348 2784 postea
364 2688 460 2761 fama
476 2689 552 2784 jam
578 2694 659 2760 tum
682 2689 861 2760 celebrata
881 2697 1002 2760 essent
1012 2685 1033 2772 ²,
1052 2709 1171 2780 neque
1189 2709 1274 2758 vero

221 2803 402 2901 Orphieos
437 2803 529 2876 ritus
562 2803 752 2900 ignoravit.
820 2803 922 2874 Idem
956 2811 1034 2874 erat
1075 2801 1275 2874 seeundum

221 2921 430 2994 Ciceronem
449 2920 657 2994 Aristotelis
677 2920 867 3017 judicium,
889 2917 1139 2991 “Aristoteles
1167 2918 1274 2992 docet

221 3035 411 3132 Orpheum
433 3043 580 3132 poetam
602 3060 790 3133 nunquam
814 3035 986 3108 fuisse?
1038 3031 1177 3104 Deinde
1195 3034 1274 3107 aliis

220 3152 294 3225 fere
323 3151 535 3225 tribuuntur
560 3175 602 3224 ea
632 3177 712 3247 quae
738 3152 900 3249 Orphica
929 3155 1118 3221 vocantur.
1161 3148 1274 3224 ¹Hinc

219 3281 446 3368 Aristotelea,
466 3275 506 3351 ἐν
533 3278 609 3355 τοῖς
632 3270 827 3378 Ὀρφικοῖς
851 3269 1093 3368 καλουμένοις
1117 3268 1271 3347 ἕπεσθε

220 3417 256 3484 et
277 3411 421 3498 iterum,
451 3403 510 3481 ἐπὶ
535 3405 612 3484 τοῖς
639 3397 856 3501 λεγομένοις
885 3398 1087 3478 Μουσαίου
1118 3393 1270 3474 ἕπεσθε

259 3693 353 3754 ’Ἧὰ
381 3694 461 3754 Plat.
482 3699 543 3769 περὶ
573 3699 725 3766 monuerim
767 3692 892 3763 Munda,
907 3711 932 3750 o.
949 3689 1004 3748 ult.
1098 3760 1116 3774 ..
1224 3760 1229 3772 Ι
1255 3761 1261 3773 Ι

220 3778 343 3834 Aristot.
354 3773 455 3846 Pola„
466 3773 487 3850 l.
499 3772 559 3833 viii.
571 3793 598 3834 c.
614 3801 638 3848 ς.
807 3781 816 3804 ⁸
836 3771 916 3830 Plot.
930 3768 1055 3846 doliola,
1064 3762 1083 3821 l.
1095 3781 1139 3830 ιο,
1150 3763 1182 3820 et
1192 3759 1272 3820 abbr.

259 3851 355 3912 rvid.
379 3854 513 3912 Paterno.
530 3853 658 3925 Pharia,
682 3869 725 3910 cc.
807 3854 816 3889 ²
837 3849 964 3916 Herod,
976 3844 995 3902 l.
1010 3847 1040 3903 ii.
1057 3862 1082 3900 c.
1098 3864 1138 3914 5³·

219 3933 310 4006 5and
330 3951 376 4002 123
397 3931 506 4004 strab,
525 3931 545 3991 l.
563 3932 600 3993 ix.
613 3953 643 4012 p.
657 3951 724 4004 ¹493
805 3937 818 3962 ¹¹
837 3929 884 3988 M.
909 3927 943 4016 r.
972 3927 1030 3983 Cic.
1056 3921 1091 3979 de
1115 3921 1188 3978 Not.
1211 3921 1271 3977 De-

218 4011 350 4072 Proeho
372 4010 559 4081 .Plrot.‚&c.
765 4006 890 4074 oruml.
906 4024 925 4062 1.
942 4024 967 4063 o.
985 4023 1026 4075 34.
1117 4077 1123 4090 ἡ
1176 4077 1181 4088 Ι

260 4100 273 4132 ‘¹
293 4089 334 4150 Vi
356 4093 504 4150 ,Poteram
516 4089 643 4162 Plocio,
655 4109 680 4148 c.
698 4109 725 4163 73
806 4095 818 4118 ¹
839 4085 878 4144 Iu
892 4082 981 4143 Locis
995 4099 1085 4158 supra
1098 4083 1209 4138 crtatrs.

217 4169 300 4229 Pzat.
315 4176 375 4245 περὶ
390 4176 534 4241 Μουσικῆς.
806 4174 819 4215 5
840 4163 1017 4223 Artanada
1034 4161 1118 4220 Hier.
1130 4157 1272 4228 Animal„

257 4257 267 4284 '
289 4249 417 4310 Aristot.
433 4251 467 4308 de
482 4249 555 4308 Oen.
571 4248 641 4316 Aa„
658 4246 678 4304 l.
694 4245 725 4304 ii.
767 4244 788 4304 l.
804 4243 842 4303 vi.
857 4263 881 4304 c.
898 4253 922 4302 6.

218 4349 294 4401 c.r;
318 4326 728 4402 DeAnimo,l.i.c.5;De

740 4447 753 4492 1
