3096 4886
333 1011 764 1108 PRAELEOTIO
812 1015 1160 1114 SECUNDA.

221 1419 351 1586 CUM
367 1431 531 1500 veterum
541 1429 703 1527 plerique
720 1429 765 1502 de
779 1429 939 1504 Homero
953 1428 1142 1526 magnifice
1159 1427 1274 1501 locuti

294 1542 380 1630 sint,
398 1542 579 1642 precipue
595 1549 720 1619 tamen
738 1546 892 1635 Strab03
920 1545 982 1644 qui
1007 1554 1044 1619 et
1068 1544 1146 1641 ipse
1163 1541 1274 1616 etiam

217 1659 362 1732 videtur
385 1659 424 1732 in
451 1659 613 1735 Homero
638 1661 851 1758 explicando
877 1663 1098 1760 praecipuam
1126 1681 1274 1757 operam

217 1771 393 1867 posuisse.
446 1771 512 1845 Ait
537 1775 634 1846 enim
664 1773 782 1863 illum,
812 1797 887 1847 non
915 1778 1063 1846 tantum
1096 1771 1133 1844 in
1164 1771 1272 1844 rebus

218 1883 374 1960 Ponticis
399 1893 438 1961 et
463 1887 502 1960 in
527 1911 594 1962 sua
616 1894 694 1964 orte
719 1915 794 1986 prae
816 1887 953 1964 ceteris
978 1887 1183 1978 eminuisse,
1209 1886 1274 1962 sed

218 2025 343 2076 earum
359 2028 481 2077 rernm
499 2005 663 2079 omnium
680 2006 889 2104 cognitione
907 2029 987 2103 quae
1011 2006 1057 2078 od
1074 2004 1188 2077 vitam
1204 2005 1272 2077 hu-

217 2155 364 2206 manam
381 2137 558 2230 spectant.
593 2125 637 2204 οὐ
654 2121 771 2225 μόνον
789 2127 829 2206 ἐν
848 2128 893 2230 τῇ
913 2123 1007 2206 κατὰ
1026 2121 1092 2204 τὸν
1118 2124 1273 2224 ποίησιν

218 2251 331 2356 ἀρετῇ
348 2252 628 2355 ὑπερβέβληται
646 2247 732 2338 rods
755 2251 874 2334 πάλαι
899 2256 960 2332 καὶ
986 2247 1072 2336 rods
1097 2251 1270 2357 ὕστερον,

218 2372 321 2457 ἀλλὰ
339 2371 481 2481 σχεδόν
499 2411 535 2456 τι
554 2379 616 2456 καὶ
640 2378 685 2480 τῇ
706 2377 799 2457 κατὰ
819 2373 886 2457 τὸν
909 2377 995 2473 βίον
1022 2376 1191 2483 ἐμπειρίᾳ
1207 2373 1273 2457 τὸν

216 2499 411 2584 πολιτικόν
420 2522 444 2581 ¹.
505 2510 624 2586 Nobis
653 2513 764 2609 igitur
791 2513 832 2585 in
857 2513 925 2588 hac
949 2511 1101 2587 materia
1125 2535 1272 2586 vemen-

217 2624 315 2700 tibus
335 2628 413 2724 jam
442 2629 483 2700 in
512 2627 631 2726 primo
665 2628 790 2702 limine
818 2652 862 2703 ea
884 2628 1035 2726 quaestio
1059 2627 1274 2702 excutienda

217 2752 284 2832 est,
314 2745 412 2818 unde
440 2743 493 2817 illi
518 2749 622 2819 tanta
651 2749 689 2819 et
719 2754 795 2818 tam
824 2744 1017 2842 multiplex
1050 2742 1274 2840 experientia

216 2859 423 2934 accreverit.
477 2859 625 2934 Etenim
650 2859 689 2932 in
722 2859 781 2933 his
815 2860 924 2933 rebus
954 2856 1164 2957 praestantia
1197 2882 1270 2932 non

217 2983 363 3050 tantum
392 2974 539 3072 ingenio
568 2981 607 3050 et
633 2973 744 3050 animi
778 2975 938 3064 dotibus,
967 2976 1031 3050 sed
1065 2986 1272 3072 temporum

218 3090 552 3186 opportunitatibus
569 3097 607 3165 et
623 3091 777 3168 fortunis
796 3091 984 3190 cujusque,
1004 3091 1124 3187 aliqua
1142 3091 1272 3164 saltem

219 3211 385 3304 exparte
401 3207 594 3281 tribuenda
610 3213 677 3284 est.

266 3320 421 3397 Constat
450 3321 563 3421 igitur
593 3323 798 3400 Homerum
831 3325 927 3399 inter
953 3323 1125 3422 profanos
1160 3321 1270 3417 sonip-

215 3447 312 3513 tores
339 3439 630 3536 antiquissimum
658 3463 736 3515 esse
748 3472 759 3528 ;
785 3451 821 3515 et
847 3464 910 3516 eos
937 3464 1063 3514 omnes
1089 3437 1141 3513 ita
1165 3443 1271 3512 aetate

215 3555 459 3643 anteoessisse,
477 3564 521 3629 ut
538 3555 582 3628 de
604 3555 683 3652 eJus
705 3556 930 3652 temporibus
951 3556 1050 3654 apud
1066 3555 1270 3629 Historioos

215 3667 308 3741 nihil
333 3670 422 3743 oerti
448 3670 496 3744 sit
519 3692 636 3766 neque
658 3671 845 3768 explorati.
898 3672 1074 3746 Nondum
1098 3669 1270 3742 Historiae

215 3805 283 3858 sua
310 3783 400 3858 fides
426 3793 464 3856 et
498 3782 654 3880 dignitas
687 3794 895 3860 aeoesserat.
948 3783 1123 3858 Nondum
1157 3781 1268 3856 literis

214 3896 386 3968 mandata
411 3905 490 3970 erat
518 3919 639 3970 rerum
665 3902 851 3993 gestarum
878 3895 1054 3971 memoria
1080 3917 1198 3991 neque
1231 3893 1268 3967 in

214 4009 379 4084 ordinem
405 4011 562 4099 redacta,
589 4013 653 4086 sed
679 4012 834 4087 obscura
859 4023 897 4088 et
923 4013 1055 4088 fabulis
1081 4011 1245 4086 involuta
1257 4043 1266 4097 ;

215 4127 304 4201 dum
317 4131 461 4200 tantum
475 4127 627 4226 quisque
644 4131 914 4228 assequebatur,
936 4141 1115 4229 quantum
1129 4129 1173 4201 ab
1191 4127 1269 4202 eliis

621 4293 756 4364 ‘Strab.,
772 4292 823 4354 lib.
838 4294 858 4356 i.

730 4422 749 4471 C
