3058 4908
495 305 707 354 Ρππιιιοτιο
737 305 937 355 urnnorrrr.
1182 298 1244 362 191

189 479 272 527 curn
300 453 371 526 isto
396 452 552 525 invicem
579 477 664 526 casu
692 453 754 549 qui
783 452 991 550 acquirendi
1015 455 1092 527 vim
1122 457 1243 545 habet,

188 569 239 642 rei
261 569 435 643 tribuitur
459 593 538 664 quae
564 568 609 640 ad
637 570 735 643 aliud
761 576 931 643 movetur
947 572 1006 643 vel
1031 573 1127 667 apud
1154 572 1244 645 illud

190 692 353 758 moratur
366 719 426 757 :-

465 865 503 876 -··
518 837 589 909 παρὰ
602 835 680 908 πατρὶ
692 836 796 910 γέροντι
805 843 826 906 ⁰,

190 1008 299 1093 atque
328 998 418 1070 adeo
447 997 499 1069 illi
529 998 626 1094 quod
656 1022 766 1095 penes
794 999 893 1072 aliud
922 999 1104 1074 est-Fit
1134 1001 1243 1074 etiam

191 1115 452 1212 comparativa
476 1116 555 1188 haec
574 1116 809 1213 Praepositio;
836 1119 970 1214 apponi
995 1120 1091 1192 enirn
1111 1121 1242 1207 solent,

190 1255 271 1327 quae
299 1255 419 1304 secum
450 1241 580 1305 mutuo
609 1233 868 1307 conferuntur:
906 1236 994 1331 quin
1022 1246 1059 1308 et
1089 1235 1245 1308 formula

189 1347 258 1420 istu
270 1377 333 1420 :-

348 1502 407 1572 Πᾶρ
420 1499 527 1569 δύναμιν
540 1497 563 1553 δ’
578 1500 623 1554 οὔκ
637 1499 696 1554 ivri
709 1501 751 1554 καὶ
766 1498 911 1570 ἐσσύμενον
923 1493 1096 1569 πολεμίζειν(1

191 1695 295 1745 suam
322 1673 498 1770 originem
524 1673 646 1758 refert,
671 1696 746 1744 non
772 1672 869 1744 enim
895 1697 981 1745 eum
1004 1673 1074 1747 ista
1099 1695 1137 1746 re
1161 1697 1245 1747 eon-

191 1788 290 1884 grnit
313 1789 376 1862 sed
394 1790 503 1886 juxto
524 1789 625 1861 illam
642 1787 749 1861 eadit.
803 1788 923 1862 Etiam
942 1812 1070 1863 sensus
1090 1791 1152 1862 isti
1169 1790 1244 1864 vio-

190 1905 289 1978 landi
311 1906 381 2002 ·jus
411 1917 448 1979 et
478 1907 588 2002 legen
620 1905 810 1978 aberrandi
839 1930 860 1978 a
889 1915 987 1979 recta
1021 1906 1171 1994 ratione,
1201 1907 1245 1979 ab

190 2024 315 2095 eadem
342 2030 429 2096 sunt
452 2021 602 2118 origine.
655 2020 819 2117 Pingitur
839 2022 935 2094 enim
962 2029 1060 2095 reeta
1080 2023 1246 2120 quaedam

191 2139 285 2212 linea
308 2147 411 2212 extra
427 2163 538 2236 quam
555 2139 600 2211 ab
618 2137 688 2211 hoe
712 2144 777 2211 eut
792 2137 855 2210 illo
873 2139 986 2211 latere
1010 2138 1102 2211 nihil
1120 2146 1244 2211 tutum

190 2275 327 2342 estant
348 2293 491 2355 sonum,
509 2256 612 2362 παρὰ
626 2255 692 2338 τὸν
712 2254 836 2358 νόμον,
856 2277 983 2342 eontra
1000 2271 1127 2366 legem.
1180 2270 1247 2344 Est

190 2396 301 2491 igitur
326 2390 554 2492 παράνομοι,
584 2396 647 2493 qui
677 2398 773 2492 leges
800 2398 923 2472 violat.
976 2399 1139 2472 Eandem
1169 2423 1248 2471 rem

192 2513 261 2585 alio
280 2514 425 2588 nomine
444 2514 599 2587 declarat
616 2513 705 2585 illud
722 2512 876 2587 Homeri
890 2546 951 2587 :—

432 2730 472 2740 -·-
481 2701 591 2755 σκολιὰς
604 2699 726 2770 κρίνουσι1
735 2698 859 2769 θέμιστας
867 2704 889 2750 ¹.

191 2868 515 2972 παραλογίζεσθαι
533 2877 676 2965 dieitur,
690 2879 752 2974 qui
769 2901 790 2952 a
808 2889 906 2953 reeta
923 2879 1062 2952 ratione
1079 2879 1222 2951 aberrat
1237 2911 1245 2965 ;

191 2994 481 3101 παραλόγισμος
506 3018 761 3103 argumentum
785 3010 883 3106 quod
906 3013 1012 3082 reetae
1035 3007 1169 3081 rationi
1194 3033 1247 3080 re-

191 3133 353 3219 pugnat;
381 3132 490 3220 atque
507 3123 559 3196 ita
575 3117 807 3221 quocumque
831 3126 979 3199 demum
997 3126 1104 3199 modo
1121 3123 1247 3197 abillo

190 3239 337 3312 tramite
360 3239 527 3312 deflectas
553 3241 590 3312 in
608 3263 682 3337 quo
699 3241 844 3325 veritnS,
863 3242 969 3330 ratio,
992 3249 1030 3314 et
1053 3241 1170 3314 virtue
1193 3241 1247 3313 in-

190 3353 400 3428 veniuntur.
454 3355 607 3429 Servant
633 3363 756 3428 autem
786 3359 970 3455 eleganter
994 3357 1031 3430 in
1058 3344 1248 3454 Composi-

191 3485 304 3570 tione,
333 3473 427 3554 rard
453 3473 646 3572 σύνθεσιν,
675 3485 953 3583 Praepositionea
980 3487 1135 3558 eundem
1168 3507 1247 3557 sen-

192 3637 275 3685 sum
293 3637 400 3709 quern
419 3611 555 3686 habent
575 3613 785 3711 simpliciter
802 3604 895 3685 κατὰ
915 3599 1126 3708 παράθεσιν
1138 3642 1199 3684 :-
1276 3656 1280 3667 ,

436 3808 482 3861 Ἐν
495 3809 625 3862 πάντεσσι
638 3810 743 3864 πόνοισι
756 3807 917 3880 παρίσταμαι
926 3800 947 3859 h.

184 3989 308 4084 juxta,
335 4012 448 4085 prope
473 3994 509 4060 te
540 3969 978 4081 πάππα-παραστάτης,
1006 3981 1068 4078 qui
1094 4005 1114 4054 a
1139 3982 1252 4055 latere

231 4224 241 4248 ‘
262 4215 305 4274 Il.
321 4227 348 4274 Σ.
367 4216 413 4290 36.
782 4207 889 4269 ‘Ibid
906 4221 939 4268 n.
958 4208 1023 4285 387.

235 4297 238 4314 '
261 4294 336 4353 ibid.
353 4307 385 4353 Ν.
404 4312 418 4372 7
444 4313 470 4373 7.
780 4288 795 4328 ¹¹
819 4289 920 4366 Odyrr.
936 4299 970 4347 Ν.
990 4304 1054 4360 301.
