3058 4908
282 307 347 370 242
534 310 750 360 rfflrorro
770 307 1081 368 nactur-onnam.

279 465 478 537 honestum
512 460 669 557 aliquem
703 481 850 532 sensum
884 456 1048 545 suscitet,
1084 455 1338 552 indignantem

281 581 391 653 habet
419 578 646 664 auditorem;
675 576 725 649 ibi
753 599 839 648 vero
857 575 1007 648 demum
1030 574 1181 648 feliciter
1207 597 1246 646 se
1275 597 1337 646 ex-

280 706 389 782 ercet,
408 693 471 768 ubi
488 694 527 766 in
544 693 686 788 magnis
712 715 928 787 magnorum
946 690 1139 763 hominnm
1156 690 1337 762 erroribus

280 819 457 886 versatur.
511 811 609 884 Hinc
636 809 732 883 enim
760 809 941 882 discamus
969 808 1053 880 licet
1081 832 1191 904 quam
1218 807 1338 879 omnis

281 930 444 1003 hnmana
461 929 577 1003 virtus
595 939 633 1001 et
649 926 792 1022 egregia
807 925 918 998 animi
934 926 1089 999 facultas
1107 925 1145 996 in
1162 923 1359 1020 praecipiti,

281 1047 400 1143 posita
420 1056 487 1132 cst,
506 1069 613 1142 quam
637 1044 883 1141 periculosum
906 1049 964 1116 est
989 1042 1100 1114 etiam
1124 1042 1164 1113 in
1188 1040 1232 1112 iis
1255 1063 1337 1135 quae

281 1165 422 1260 optima
451 1169 539 1236 sunt
565 1163 717 1237 modum
745 1183 962 1257 exsuperare
988 1166 1027 1232 et
1051 1160 1173 1254 justos
1202 1157 1338 1230 limites

282 1279 484 1377 transgredi
496 1310 506 1366 3
524 1279 705 1352 discamus
719 1277 802 1352 licet
815 1302 860 1350 ex
872 1277 1025 1350 aliorum
1039 1274 1191 1350 miseriis
1202 1281 1339 1371 quanta

283 1423 369 1471 cum
397 1397 592 1494 prudentia
620 1396 766 1492 optimae
796 1401 937 1467 naturae
967 1393 1082 1479 dotes,
1114 1399 1152 1466 et
1180 1390 1340 1464 maxima

282 1514 438 1587 fortunae
461 1514 557 1586 dona
572 1511 809 1610 temperanda
833 1520 931 1584 sunt.
985 1510 1133 1606 Insigne
1154 1509 1264 1604 hujus
1286 1508 1339 1580 rei

282 1631 750 1727 exemplumsubministrat
759 1628 911 1702 Homeri
922 1628 1018 1702 Ilias,
1054 1629 1338 1702 ExiraAchillis

283 1754 321 1821 et
338 1772 384 1822 ex
399 1747 498 1820 fastu
509 1746 804 1844 Agamemnonis,
818 1746 1025 1842 principum
1039 1753 1275 1841 utrorumque
1286 1745 1338 1817 vi-

283 1889 408 1939 rorum
426 1865 501 1939 sive
527 1864 743 1938 conditionis
761 1863 977 1960 dignitatem
994 1888 1059 1937 seu
1079 1865 1210 1936 mentis
1227 1864 1338 1936 sacul-

283 1990 379 2057 tates
397 1982 578 2079 respicias,
592 1980 811 2078 proveniunt
829 1981 1042 2055 Graeoorum
1058 1983 1154 2056 mala
1170 1992 1207 2054 et
1223 1981 1339 2054 totius

284 2101 465 2173 exercitus
490 2097 702 2196 periculum.
755 2097 811 2172 Ex
839 2099 907 2172 hac
932 2099 1056 2196 itaque
1081 2107 1186 2196 parte
1210 2099 1340 2172 ardens

284 2217 407 2312 magni
440 2216 552 2289 animi
590 2215 737 2312 spiritus
774 2215 925 2288 modum
958 2227 1162 2314 exsuperat,
1197 2240 1244 2289 ex
1275 2214 1341 2288 illa

285 2334 379 2429 regis
413 2331 617 2406 authoritas
650 2343 686 2406 et
724 2333 882 2428 dignitas
917 2334 957 2407 in
990 2335 1195 2432 superbiam
1230 2331 1338 2407 cedit.

285 2449 430 2522 Horum
460 2456 583 2522 autem
613 2451 768 2523 alterum
798 2450 907 2524 habes
938 2452 1007 2524 sub
1036 2450 1108 2524 fine
1138 2449 1271 2523 Iliados
1302 2450 1342 2523 in

285 2567 391 2642 amici
416 2564 618 2640 charissimi
644 2567 769 2640 funere
799 2573 1031 2664 occupatum,
1058 2568 1215 2641 alterum
1240 2591 1341 2640 exer-

286 2685 382 2757 citus
400 2684 501 2758 clade
523 2693 560 2757 et
583 2684 670 2778 fuga
693 2684 982 2758 dehonestatum.
1034 2684 1143 2758 Tanti
1166 2691 1224 2757 est
1248 2685 1341 2758 recti

281 2801 402 2896 justos
429 2801 562 2874 limites
591 2825 744 2888 servare,
773 2825 864 2897 quos
894 2803 926 2875 si
955 2803 1066 2874 semel
1094 2808 1344 2898 transgressus

285 2918 396 2991 fueris
415 2918 506 2990 nihil
527 2919 605 3013 jam
623 2918 719 2991 ultra
736 2926 860 2991 tutum
877 2923 934 2991 est
951 2929 1015 2993 aut
1032 2918 1191 2991 firmum.
1229 2917 1343 2992 Tanti

287 3041 341 3107 est
359 3034 629 3130 pretiosissimis
652 3039 791 3107 naturae
808 3043 846 3107 et
863 3034 1020 3108 fortunae
1037 3034 1141 3109 donis
1158 3036 1345 3132 sapienter

141 3147 147 3164 '
286 3151 353 3224 uti.
396 3151 454 3224 lta
470 3159 566 3224 certe
583 3152 664 3225 haec
680 3153 906 3249 comparavit
923 3152 1046 3240 Poeta,
1059 3161 1101 3227 ut
1118 3159 1288 3250 saperent
1304 3165 1344 3226 et

289 3275 493 3342 averterent
527 3292 566 3343 se
599 3271 643 3343 ab
675 3268 732 3342 his
762 3269 867 3343 malis
900 3270 1049 3366 posteri.
1102 3270 1183 3344 Hac
1217 3269 1344 3366 itaque

289 3385 428 3459 ratione
449 3407 624 3480 magnum
651 3398 688 3460 et
715 3410 823 3482 grave
849 3385 967 3484 operis
994 3387 1054 3460 sui
1081 3394 1343 3484 argumentum

288 3501 416 3576 habuit
431 3500 628 3576 Homerus.

340 3619 412 3693 Sed
437 3626 582 3716 oportet
606 3620 756 3717 insuper
776 3620 936 3694 fabulam
958 3643 1070 3694 unam
1095 3645 1174 3695 esse
1199 3627 1237 3694 et
1262 3645 1343 3719 per·

289 3738 616 3824 sectam-reactus·
638 3743 700 3820 καὶ
724 3739 815 3841 ὅλης
839 3737 1011 3846 πράξεως
1032 3735 1343 3843 μίμησινΡ-Ιιοο

289 3877 356 3955 est,
375 3877 419 3940 ut
434 3865 569 3942 Totum
588 3866 635 3940 sit
652 3869 690 3941 in
707 3891 791 3942 suas
814 3877 936 3965 partes
954 3867 1057 3942 facile
1074 3869 1342 3944 resolvendum.

288 3983 473 4057 Definitur
497 3991 621 4058 autem
647 3985 684 4058 id
711 3986 809 4084 quod
833 3984 970 4060 Totum
996 3991 1052 4060 est
1076 3985 1341 4084 philosophice,

290 4102 428 4196 species
446 4103 614 4200 quaedam
636 4103 741 4178 istius
759 4105 857 4201 quod
874 4103 1001 4178 Unum
1018 4111 1086 4194 est,
1104 4105 1157 4178 ita
1171 4114 1216 4178 ut
1236 4107 1344 4202 plura

638 4331 650 4364 Ρ
671 4325 796 4383 Aristar.
812 4326 905 4390 Post..
920 4345 944 4386 c.
961 4343 988 4403 7.
