3094 4898
382 947 814 1086 PRAELEOTIQ
863 945 1196 1043 SEPTIMA.

260 1404 377 1574 SUB
394 1405 474 1504 ipso
492 1407 615 1482 statim
628 1407 758 1483 harum
772 1407 1061 1506 disputationum
1078 1405 1181 1481 initio
1198 1408 1314 1482 baud·
1370 1351 1391 1386 ι

332 1548 514 1620 quaquam
539 1548 597 1596 me
622 1522 747 1596 fefellit
771 1548 894 1597 rerum
915 1523 1192 1596 Homericamm
1218 1524 1313 1597 noti·

257 1640 350 1712 tiam
377 1663 493 1735 neque
521 1639 661 1734 exiguis
688 1639 821 1712 finibus
856 1639 1046 1727 contineri,
1076 1663 1193 1734 neque
1219 1638 1316 1713 intra

257 1778 371 1827 uuam
397 1755 567 1827 doctrina
593 1755 809 1850 particulam
835 1755 1041 1828 consistere.
1099 1754 1227 1852 Itaque
1252 1755 1315 1829 ubi

259 1871 304 1942 de
341 1870 580 1943 Hernicorum
622 1880 830 1966 temporum
870 1870 1031 1942 moribus
1070 1869 1216 1943 habitus
1258 1878 1315 1945 est

258 2009 388 2075 sermo,
406 2010 487 2058 eam
504 1987 743 2082 quaestiouem
759 1986 799 2059 in
814 1983 1025 2092 universum
1042 1975 1314 2081 quodammodo

259 2103 509 2190 tractavimus,
528 2127 573 2175 ex
599 2101 730 2199 quibus
755 2102 943 2198 principiis
969 2100 1164 2190 enodatur,
1184 2101 1315 2198 quibus

260 2218 401 2292 iudiciis
432 2242 470 2292 se
500 2219 641 2314 prodat,
669 2225 707 2291 et
732 2218 863 2316 quibus
892 2218 1063 2312 gradibus
1093 2219 1317 2312 provebatur

261 2335 347 2408 vitae
367 2337 489 2408 cultus
506 2340 544 2407 et
561 2335 778 2408 humanitas.
813 2334 946 2432 Neque
971 2359 1032 2407 me
1048 2335 1239 2431 quaestioni
1255 2335 1317 2410 isti

262 2449 363 2547 prius
403 2450 617 2523 satisfecisse
656 2450 851 2524 arbitratus
888 2474 983 2535 sum,
1017 2474 1127 2546 quam
1164 2451 1317 2525 aliarum

261 2565 370 2639 etiam
399 2567 575 2663 gentium,
604 2565 735 2662 quibus
765 2590 852 2640 cum
877 2565 1039 2663 antiquis
1067 2565 1205 2642 Graecis
1233 2593 1316 2665 pro·

261 2681 343 2780 pior
358 2683 528 2779 cognatio
551 2681 765 2770 intercessit,
784 2705 902 2755 mores
928 2681 1139 2778 attigissem.
1189 2683 1316 2758 Proxi-

260 2821 365 2871 mum
391 2806 448 2872 est
482 2799 526 2872 de
553 2799 667 2895 ipsius
694 2797 849 2871 Poeseos
884 2802 984 2870 statu
1015 2797 1312 2895 disceptationem

261 2913 373 2987 inire:
400 2914 535 2988 etenim
551 2915 589 2987 in
606 2915 675 2987 hac
692 2919 769 2986 arte
785 2925 828 2986 ut
845 2914 883 2986 in
901 2912 1038 2986 caeteris
1054 2913 1129 2987 fere
1146 2918 1317 2991 omnibus

261 3030 391 3102 seriem
408 3031 590 3124 quandam
608 3036 645 3102 et
667 3053 898 3126 progressum
915 3030 1147 3124 agnoscimus
1163 3063 1173 3119 ;
1199 3057 1318 3130 neque

262 3145 386 3217 statim
410 3151 521 3240 atque
537 3170 613 3218 uno
637 3145 778 3243 impetu
802 3145 1049 3242 principatum
1073 3159 1318 3244 assequuntur

261 3260 438 3346 homines,
475 3261 538 3334 sed
580 3263 760 3357 gradatim
802 3261 926 3336 alienis
966 3262 1148 3338 laboribus
1177 3265 1293 3362 adjuti
1305 3299 1316 3355 ς

259 3376 358 3448 unde
383 3375 479 3449 inter
508 3378 667 3451 subsidia
699 3377 894 3452 Homerica
923 3402 1075 3452 suorum
1102 3387 1314 3477 temporum

262 3490 386 3566 Poesia
420 3492 550 3566 merito
584 3495 753 3592 ponenda
786 3506 853 3568 est.
918 3495 1003 3568 Jam
1036 3518 1123 3569 vero
1160 3521 1246 3570 cum
1279 3506 1319 3572 et

264 3607 399 3682 Grecis
416 3609 594 3704 indigene
612 3612 659 3684 sit
677 3611 800 3685 Poesis
822 3617 860 3685 et
885 3613 981 3708 apud
1006 3611 1154 3685 eosdem
1171 3615 1318 3711 plenam

263 3725 320 3799 sui
347 3730 518 3799 naturam
551 3734 746 3799 consecuta
772 3727 832 3814 sit,
861 3751 936 3801 non
965 3752 1011 3800 ex
1041 3735 1144 3824 parte
1172 3739 1317 3804 tautum

262 3841 469 3916 Homericae
494 3845 552 3916 vel
579 3843 714 3918 Graecae
739 3843 849 3917 etiam
874 3844 1031 3919 Poeseos
1056 3844 1176 3919 sontes
1201 3849 1318 3944 aperi-

261 3957 345 4031 endi
379 3966 477 4045 sunt,
509 3959 572 4032 sed
605 3959 644 4032 in
670 3961 882 4034 uuiversum
912 3961 1025 4034 totius
1053 3963 1164 4047 urtis;
1200 3988 1318 4062 neque

262 4071 407 4147 aliunde
424 4075 476 4146 rei
493 4077 645 4171 poeticae
662 4099 744 4172 quae
761 4075 909 4174 quidem
930 4077 1129 4150 secundum
1148 4086 1317 4154 naturam

262 4187 310 4262 sit
327 4188 427 4284 origo
449 4197 486 4262 et
511 4189 662 4265 historia
678 4193 755 4288 peti
772 4198 905 4291 potest.
959 4191 1083 4290 Siquid
1110 4195 1208 4268 enim
1233 4220 1317 4293 pro·

261 4303 411 4377 fecerint
436 4303 601 4392 Romani,
632 4317 730 4381 certe
760 4310 851 4385 illud
875 4333 950 4384 non
976 4333 1044 4384 suo
1070 4307 1192 4386 Marte
1218 4337 1315 4388 asse-
