3096 4886
536 263 749 314 rmrsorro
770 265 948 313 sacerna,
1223 238 1265 302 33

210 433 357 484 necesse
382 414 570 507 est-quae
588 410 697 484 etiarn
723 415 780 483 tot
798 409 902 482 malis
924 410 1054 483 obruta
1074 432 1148 482 non
1166 409 1268 482 nulla

210 533 376 600 erat-et
408 526 496 623 ipsae
529 528 636 600 etiam
671 525 741 598 illa
770 525 988 624 quotidiana
1016 526 1267 599 dimicationes

210 644 403 719 bominum
419 645 561 718 animos
578 646 794 718 exercitatos
808 645 1024 719 babuerunt.
1078 644 1163 718 Jam
1181 669 1268 718 vero

211 764 346 838 Troicis
365 763 587 860 temporibus
606 762 739 861 oppida
754 764 911 838 condere
928 769 966 836 et
989 763 1132 837 munire
1149 786 1268 859 coepe·

210 891 308 968 runt,
337 881 374 954 in
408 880 486 954 suis
511 881 658 955 sedibus
684 903 762 954 sese
791 879 1039 968 continebant,
1066 881 1120 953 rei
1149 877 1270 953 navali

211 1021 358 1094 operam
387 997 534 1084 dabant,
564 1008 601 1073 et
627 1021 673 1069 ex
700 997 801 1070 omni
828 1006 931 1093 parte
957 996 1099 1070 meliori
1123 995 1270 1070 vivendi

212 1114 345 1188 rationi
379 1115 586 1188 studebant.
640 1113 738 1186 Data
770 1112 882 1208 igitur
916 1113 1114 1201 occasione,
1151 1112 1272 1210 erupit

211 1229 281 1304 iste
306 1229 369 1328 qui
389 1231 565 1306 hactenus
583 1229 726 1303 delituit
749 1229 860 1302 animi
881 1217 987 1303 ardor
1003 1239 1041 1303 et
1064 1232 1181 1303 elatus
1199 1230 1271 1326 spi·

212 1345 325 1420 ritus:
354 1371 423 1421 nec
450 1347 584 1420 sensim
607 1352 645 1419 et
669 1345 770 1420 lento
797 1345 911 1442 gradu
934 1370 978 1418 ex
1006 1345 1169 1419 barbarie
1194 1367 1272 1418 sese

213 1461 462 1559 expediebant,
470 1463 533 1535 sed
543 1462 589 1535 ad
600 1484 732 1558 magna
741 1460 900 1534 facinora
909 1459 1141 1534 festinabant.
1169 1459 1272 1533 Idem

213 1579 283 1653 iste
304 1579 463 1677 populus
488 1580 551 1676 qui
577 1579 753 1652 hactenus
779 1601 855 1650 non
878 1577 946 1650 nisi
970 1577 1008 1649 in
1032 1577 1272 1650 finitimorum

213 1695 317 1770 bellis
334 1696 552 1770 exercitatus
569 1695 640 1768 fuit
651 1703 677 1782 l,
689 1719 807 1792 neque
824 1695 944 1768 adhuc
961 1695 1000 1766 in
1016 1695 1124 1767 rebus
1142 1692 1272 1767 Nauti-

215 1813 267 1888 cis
284 1814 453 1910 peritiam
470 1818 508 1885 et
525 1811 712 1885 scientiam
726 1817 915 1885 assecutus
932 1817 1000 1899 est,
1015 1820 1163 1908 repente
1176 1810 1273 1884 vires

215 1954 299 2004 suas
312 1931 349 2003 in
363 1953 480 2004 unum
497 1928 660 2002 conferre
671 1927 807 2012 didicit,
826 1937 861 2000 et
875 1936 1023 2001 centum
1035 1926 1148 2001 millia
1159 1951 1276 2000 arma-

215 2056 340 2120 torum
356 2045 569 2119 hominum¹
586 2045 625 2117 in
642 2043 877 2140 longinquam
894 2052 1026 2117 terram
1049 2049 1274 2139 transporta-

215 2164 282 2236 vit.
326 2161 404 2236 Nec
417 2185 502 2235 vero
512 2161 775 2258 transportavit
785 2168 942 2247 tanturn,
958 2160 1021 2234 sed
1036 2184 1179 2234 summa
1189 2184 1274 2234 cum

215 2278 413 2376 pertinacia
427 2303 493 2376 per
509 2279 636 2352 decem
653 2276 847 2351 continuos
864 2300 980 2351 annos
999 2279 1134 2351 bellum
1151 2278 1273 2374 gessit.

216 2395 367 2468 Reversi
384 2395 422 2468 in
445 2393 600 2492 patriam
619 2393 855 2469 seditionibus
872 2393 1006 2467 iterum
1029 2394 1149 2469 vexati
1167 2404 1273 2479 sunt;

78 2541 81 2546 λ
218 2510 283 2584 sed
299 2509 407 2584 unius
425 2507 537 2584 seculi
554 2510 709 2582 decursu
725 2509 766 2580 in
782 2531 862 2581 eam
885 2508 1073 2582 audaciam
1090 2520 1127 2582 et
1145 2516 1275 2606 poten-

218 2626 308 2700 tiam
333 2630 539 2711 evaserunt,
558 2630 602 2698 ut
627 2648 702 2698 non
723 2630 869 2697 tantum
892 2625 1000 2697 litora
1016 2625 1136 2720 AEgaei
1152 2625 1274 2718 maris,

220 2743 285 2816 sed
311 2741 483 2828 Siciliam,
502 2740 657 2826 Italiam,
683 2747 802 2814 totam
825 2739 981 2836 denique
1007 2740 1115 2812 maris
1141 2739 1278 2814 Euxini

219 2883 318 2933 oram
338 2858 491 2934 coloniis
509 2859 584 2933 suis
610 2863 855 2955 occuparent;
884 2857 936 2931 ita
953 2867 996 2930 ut
1021 2881 1156 2930 nomen
1175 2849 1278 2938 Grae.

221 3001 347 3051 corum
381 3001 405 3052 a
436 2975 567 3050 Tanei'
584 2983 622 3050 et
662 2975 888 3074 Borysthene
927 2975 1048 3050 fluviis
1082 2999 1198 3074 usque
1231 2977 1279 3049 ad

220 3092 391 3166 Rhodani
408 3094 502 3168 ostia
518 3092 717 3190 pertigerit.
771 3091 864 3169 Quae
882 3091 1028 3190 quidem
1052 3093 1175 3166 omnia
1193 3118 1279 3168 cum

220 3209 343 3283 animo
360 3215 583 3307 reputemus,
594 3208 698 3283 facile
711 3207 943 3304 agnoscimus
955 3210 1106 3283 eandem
1121 3209 1280 3284 indolem

221 3332 260 3399 et
277 3327 388 3400 animi
400 3327 475 3400 vim
493 3329 532 3401 et
547 3325 676 3400 iisdem
686 3325 759 3398 fere
773 3325 882 3398 rebus
895 3334 1150 3414 sustentatam,
1166 3349 1277 3423 quam

220 3441 261 3516 in
286 3444 387 3517 omni
404 3442 619 3518 Graecorum
644 3440 794 3516 historia
820 3447 1010 3539 tantopere
1034 3441 1206 3518 admirari
1223 3469 1281 3518 so·

226 3559 355 3633 lomus.
408 3560 491 3634 Pari
509 3561 653 3658 impetu
669 3555 908 3632 Athenienses
928 3559 1063 3635 Persici
1085 3559 1169 3633 belli
1191 3571 1284 3633 tem-

224 3675 374 3773 poribus
391 3677 544 3751 classem
569 3677 615 3750 de
640 3698 709 3749 suo
734 3672 851 3770 prima
867 3674 943 3748 vice
962 3677 1225 3762 instruxerunt,
1245 3686 1283 3751 et

222 3791 347 3865 statim
376 3792 570 3890 imperium
603 3789 711 3864 maris
746 3787 815 3862 sibi
847 3789 1135 3864 vindicaverunt.
1201 3790 1283 3866 Pari

223 3907 373 3982 audacia
388 3908 693 4006 Peloponnesiaco
719 3906 815 3979 bello
831 3904 1000 4004 impliciti
1016 3906 1131 3982 totius
1150 3905 1282 3984 Sicilire

222 4026 417 4122 imperium
435 4027 708 4102 affectaverunt.
761 4019 834 4096 Sed
852 4023 929 4098 haec
941 4025 1183 4100 recentiorum
1196 4040 1284 4103 sunt

302 4215 317 4257 ἵ
332 4209 434 4282 Ibus..
448 4210 469 4272 l.
484 4209 503 4272 i.
518 4230 543 4274 ο.
563 4231 601 4286 rs.
779 4213 794 4248 ⁸
810 4203 852 4275 Π·
867 4221 915 4282 Μ
938 4209 1034 4280 sstem,
1048 4207 1069 4271 l.
1085 4209 1105 4271 i.
1120 4229 1147 4272 ο.
1164 4235 1203 4274 ιο.

743 4332 767 4382 D
