3096 4886
296 303 341 368 42
635 321 850 371 succurro
875 321 1016 374 rnnrra

455 472 571 546 Κῆρυω
585 470 608 530 δ’
623 472 674 545 ὅρα
687 474 754 528 λαὸν
765 471 881 545 ἐρήτυον·
901 475 927 530 οἳ
940 475 970 530 δὲ
982 474 1104 548 γε’ροπσς

459 569 531 627 Rinr'
547 571 589 626 ἐπὶ
602 569 723 640 ξεστοῖσι
736 569 829 634 λίθοιο,
845 572 905 646 ἱερᾷ
919 571 956 626 ἐνὶ
969 569 1064 646 utute·

457 670 577 740 Σκῆοπρο
590 667 619 721 δὲ
633 664 747 738 ιηρῦκοον
760 666 788 721 e’u
803 663 881 738 xr'po'
895 668 957 736 ἕχον
970 664 1135 740 ἠεροφώνων·

457 764 548 818 Τοῖσιο
560 759 639 816 ἔπειτ’
653 763 752 831 diacon
764 760 902 830 ἆμοιβοδὶο
915 759 943 814 δι’
954 760 1065 828 δίκαζον.

457 861 534 916 Retro
548 857 571 914 δ’
585 855 628 930 ἆρ’
642 857 671 914 ὸ
683 857 812 927 μέσσοισι
824 855 877 911 baio
890 858 1003 930 χρυσοῖο
1016 858 1131 914 ω’λσπσ

460 959 503 1032 Τᾷ
516 955 602 1026 δόμεν,
616 953 645 1011 br
657 955 722 1022 perri
735 957 806 1009 τοῖσι
819 954 892 1023 δίκην
904 952 1025 1010 ῖθίστση
1038 950 1115 1010 οἶκοι.

299 1065 357 1140 Εο
381 1066 545 1140 tribunat
569 1088 642 1162 quo
669 1063 759 1136 nihil
781 1063 900 1160 majus
918 1085 1035 1160 neque
1056 1060 1217 1136 sanctiue
1234 1060 1354 1138 Roma

299 1190 364 1258 sut
390 1183 546 1259 Athcnae
570 1203 733 1277 unquam
757 1180 975 1254 habuerunt.
1028 1178 1165 1253 Sedent
1193 1177 1232 1251 in
1258 1177 1353 1254 Foro

297 1296 458 1386 Judices,
485 1303 592 1370 {etate
617 1318 757 1391 graves,
783 1318 852 1369 suo
878 1293 1013 1390 insigni
1041 1293 1178 1383 donati,
1206 1301 1245 1368 et
1278 1295 1354 1370 suis

299 1413 514 1488 satellitibus
542 1409 715 1500 accinoti;
743 1409 886 1506 singula
910 1409 1075 1482 ordinate
1096 1414 1136 1483 et
1158 1410 1355 1484 solenniter

299 1535 436 1625 agana
463 1529 675 1604 circumstat
691 1526 835 1600 interim
861 1526 989 1624 populi
1014 1549 1159 1613 corona,
1177 1551 1259 1623 quae
1276 1531 1355 1600 stu·

300 1643 368 1716 diis
394 1642 469 1716 suis
493 1649 533 1716 et
557 1641 690 1739 plausu
715 1647 965 1714 concertantes
988 1648 1107 1728 acuat,
1129 1646 1166 1713 et
1185 1640 1354 1737 judicum

299 1759 496 1833 sententias
529 1757 677 1832 arrectis
711 1757 859 1831 auribus
893 1756 1062 1853 excipiat.
1117 1758 1282 1832 Tantum
1314 1757 1356 1832 in

298 1874 379 1950 istis
396 1873 622 1973 temporibus
639 1878 841 1971 potuerunt
856 1873 944 1946 bcni
960 1897 1092 1947 mores.

350 1991 430 2067 Nec
439 2016 525 2068 vero
536 1992 636 2090 apud
646 1990 850 2065 Homerum
861 1990 1046 2063 seniorum
1055 1998 1200 2064 tantum
1210 1999 1248 2065 et
1256 1990 1356 2088 prin·

300 2108 423 2206 cipum
439 2132 629 2183 consessus
646 2106 770 2194 habes,
788 2107 852 2180 sed
868 2106 1074 2204 frequentes
1096 2108 1207 2180 etiam
1229 2109 1357 2206 populi

299 2237 491 2314 conciones
503 2236 530 2328 ¹²,
549 2239 706 2312 alterum
723 2235 917 2312 concilium
934 2223 1082 2329 βουλὴν
1097 2246 1205 2312 vocat
1228 2235 1354 2326 Poeta,

300 2368 457 2440 alterum
474 2352 629 2461 ἀγορὴν.
681 2364 780 2439 Cum
795 2364 894 2439 enim
911 2389 986 2440 non
1001 2371 1080 2440 tam
1101 2364 1140 2438 vi
1163 2375 1273 2464 atque
1289 2365 1356 2440 im·

299 2481 401 2580 perio
435 2481 499 2556 sed
531 2481 755 2558 authoritate
787 2505 845 2555 res
879 2482 1065 2580 agebatur,
1100 2505 1246 2556 necesse
1278 2489 1357 2556 erat

299 2599 443 2696 plebem
459 2597 498 2672 in
515 2609 638 2696 partes
655 2623 740 2673 suas
757 2599 943 2673 deducere.
996 2599 1125 2696 Itaque
1138 2610 1180 2676 ut
1197 2599 1355 2674 diximus

299 2739 411 2812 penes
428 2714 606 2814 principes
623 2716 841 2790 deliberandi
852 2716 915 2813 jus
931 2721 1021 2803 erat,
1033 2738 1188 2813 quorum
1205 2715 1356 2790 consilis

299 2839 383 2905 tum
417 2833 566 2907 demum
598 2840 678 2908 rata
706 2839 821 2921 eraut,
853 2857 939 2907 curn
972 2833 1110 2930 populo
1144 2831 1357 2906 renunciata

300 2959 423 3024 essent
435 2957 460 3023 ⁰.
513 2949 655 3024 inistis
672 2949 919 3036 concionibus,
937 2960 980 3026 ut
996 2949 1152 3038 videtur,
1174 2949 1284 3024 libere
1302 2951 1356 3024 lc·

301 3063 438 3160 quendi
473 3069 636 3160 potestas
672 3063 842 3138 omnibus
882 3065 967 3138 data
1004 3069 1097 3154 erat,
1140 3065 1238 3139 unde
1271 3065 1357 3140 Dic·

301 3174 453 3253 medesd
466 3208 529 3251 :-

458 3307 592 3378 'Arc‘ffin
606 3309 651 3366 σοὶ
663 3313 753 3382 τοῦτο
765 3307 917 3380 numm
930 3307 1088 3384 imvm

456 3401 495 3493 ᾟ
509 3401 581 3473 θέμις
594 3405 676 3474 ἐστὶν,
689 3404 763 3474 ὦναξ,
778 3405 911 3478 dmi,-

301 3545 383 3620 quae
398 3527 561 3621 potestas
579 3521 610 3597 si
629 3546 652 3596 a
674 3523 760 3598 solis
782 3523 1009 3622 principibus
1031 3527 1210 3622 usurpata
1225 3531 1293 3610 est,
1312 3545 1359 3598 ex

301 3663 344 3713 ea
365 3664 447 3737 quae
468 3645 551 3715 tum
574 3637 762 3715 obtinebat
785 3641 1013 3738 superiorum
1039 3641 1243 3714 reverentia
1267 3637 1358 3712 illud

300 3757 475 3832 accidisse
488 3758 645 3832 arbitror
659 3789 669 3846 ;
695 3781 814 3854 neque
827 3757 904 3856 ipse
913 3756 1098 3831 Thersites
1116 3765 1192 3830 tam
1208 3765 1359 3855 propter

298 3874 398 3948 fundi
430 3873 619 3948 audacium
652 3874 778 3948 acerbe
812 3879 985 3972 exceptus
1018 3878 1085 3960 cst,
1117 3897 1228 3972 quam
1259 3872 1358 3970 quod

338 4021 468 4083 υἸστοόν
488 4029 540 4101 γὰρ
562 4027 602 4083 ὅτι
624 4025 639 4097 ἢ
659 4029 707 4099 μὲν
726 4029 809 4102 &papii
888 4017 1126 4084 ‘Arielbbfflla
1141 4020 1357 4098 N'won.,l.iii.

299 4105 499 4176 πσπὸοῆηοῦ
514 4106 690 4178 briccorum),
706 4113 748 4164 καὶ
763 4131 808 4178 κη-
848 4123 873 4166 c.
887 4129 913 4178 3.
952 4103 1023 4163 Vid.
1041 4102 1133 4164 etiam
1154 4103 1243 4164 Dion.
1265 4103 1359 4183 Oity-

299 4185 411 4259 ρῦγμπι
425 4185 576 4262 (famiam
590 4185 811 4260 ἡθροίζοντο,ἡᾶ
849 4193 920 4248 808?-
939 4184 1024 4244 Orat·
1040 4193 1082 4257 5⁶·
1191 4203 1196 4210 '

299 4267 385 4336 βουλὴ
404 4271 456 4322 τῶν
478 4267 601 4338 ἐκκρίτων
616 4265 809 4338 percu-Eu·
890 4263 963 4325 ΠΙ.
977 4277 998 4324 1.
1015 4281 1055 4330 32.

299 4342 389 4402 cart.
404 4342 445 4403 ad
452 4341 474 4402 Ι
477 4343 497 4404 l.
514 4357 546 4404 A.
566 4368 621 4420 ¹⁴⁴·
