3094 4898
563 315 772 365 raunacrro
793 316 903 364 nona.
1089 383 1093 393 Ι
1198 305 1264 366 159

204 467 310 542 tiaris
336 465 406 560 luit
423 464 676 562 Philosophia.
729 464 875 538 Etenim
893 489 941 538 ex
959 465 1147 562 praeceptis
1166 465 1260 562 jam·

205 587 345 683 pridem
365 583 561 680 exploratis
585 591 621 656 et
642 579 842 680 longousu
867 583 1112 680 comprobatis
1136 591 1263 656 exorta

205 709 263 777 est
281 702 439 777 Scientia
455 701 596 790 Ethica,
616 725 734 797 neque
760 702 868 774 aliam
889 694 1070 798 rem'agit,
1091 726 1200 798 quam
1218 709 1262 774 ut

205 822 344 896 ratione
367 830 405 893 et
427 819 487 894 via
510 845 552 893 ea
573 829 827 916 prosequatur,
849 828 886 892 et
909 845 953 893 ex
977 819 1162 916 principiis
1186 820 1263 893 suis

206 939 373 1032 deducat,
386 939 467 1037 quae
480 962 526 1011 ex
536 961 635 1010 mera
647 938 871 1034 experientia
882 937 1081 1012 didicerant
1093 943 1131 1010 et
1144 940 1262 1012 multo

206 1082 290 1132 cum
322 1059 448 1131 labore
481 1062 649 1130 eruerant
690 1053 868 1128 homines.
945 1055 1074 1152 Itaque
1111 1057 1264 1130 moralia

207 1173 359 1247 Homeri
376 1179 558 1271 praecepta
575 1173 728 1246 eandem
747 1171 882 1245 habent
900 1174 1077 1246 rationem
1095 1173 1140 1246 ad
1157 1171 1261 1244 Ethi-

205 1315 286 1364 cam
304 1290 511 1378 Scientiam,
526 1313 636 1386 quam
653 1290 700 1365 ad
717 1300 833 1363 artem
847 1289 1081 1364 Rhetoricam
1098 1291 1261 1388 ejusdem

206 1407 424 1504 eloquentia.
847 1419 852 1432 '

256 1525 346 1598 Haec
368 1523 480 1620 igitur
503 1523 614 1597 habui
639 1549 719 1620 quae
744 1522 790 1596 de
814 1520 1094 1596 Homericorum
1122 1533 1261 1620 tempo·

207 1666 290 1714 rum
307 1639 540 1737 philosophia
562 1639 631 1713 dici
654 1646 815 1737 possent.
868 1639 920 1711 Ex
940 1633 1039 1712 omni
1063 1640 1135 1713 lere
1160 1649 1264 1738 parte

206 1765 335 1855 patent
361 1757 601 1831 Scientiarum
629 1754 746 1845 initia,
773 1756 904 1852 exigua
929 1755 1075 1854 quidem
1099 1757 1171 1846 illa,
1199 1758 1262 1830 sed

207 1881 329 1948 tamen
365 1897 505 1970 magnae
543 1873 596 1946 rei
629 1873 744 1947 initia.
797 1872 883 1946 Jam
917 1874 1034 1969 prima
1067 1873 1146 1948 vice
1181 1899 1262 1948 eam

206 1990 339 2064 mentis
376 1991 589 2065 facultatem
629 1996 771 2064 tentare
811 1990 996 2064 audebant
1032 1990 1148 2065 Graeci
1182 2017 1264 2088 quae

208 2108 376 2181 Scientiae
406 2117 566 2205 systema
593 2106 787 2205 complecti
816 2117 937 2204 potest
967 2117 1004 2181 et
1034 2107 1113 2203 ejus
1141 2108 1262 2182 Theo·

206 2231 347 2298 ramata
359 2213 601 2320 investigare
621 2224 795 2320 Ignotum
808 2249 873 2322 per
885 2246 1009 2319 aequor
1021 2227 1102 2298 vela
1114 2225 1263 2314 dabant,

206 2342 349 2439 trepido
367 2348 410 2415 ut
435 2366 501 2439 par
519 2348 575 2415 est
600 2351 637 2416 et
663 2347 772 2415 cauto
799 2344 924 2440 gradu.
978 2341 1162 2416 Caeterum
1188 2368 1263 2417 non

206 2458 297 2532 nihil
322 2465 380 2532 est
403 2469 565 2534 mentem
592 2457 630 2532 in
648 2459 717 2532 hoc
744 2465 926 2533 certamen
945 2459 1138 2533 suscitasse
1161 2467 1199 2534 et
1224 2461 1262 2532 in

207 2576 285 2650 haec
313 2575 434 2650 studia
457 2577 773 2650 immisisse—non
796 2575 886 2650 nihil
903 2583 960 2649 est
977 2575 1204 2650 meditationi
1225 2587 1262 2650 et

206 2717 422 2790 magnarum
448 2717 570 2766 rerum
597 2693 896 2789 contemplationi
922 2693 1086 2765 animum
1111 2691 1262 2764 adhibu-

206 2808 288 2883 isse.
341 2809 488 2884 Coelum
515 2811 637 2907 ipsum
664 2820 701 2883 et
729 2810 925 2883 Astrorum
953 2833 1080 2882 cursus
1101 2809 1181 2906 jam
1206 2816 1261 2882 at-

207 2937 306 3001 tente
332 2927 589 3024 suspiciebant,
619 2937 757 3001 caeterae
784 2927 894 3000 etiam
921 2927 1071 3000 Naturae
1100 2926 1262 3023 pulchri·
1307 2915 1312 2947 ³

204 3042 373 3118 tudinem
402 3051 441 3118 et
474 3043 633 3116 ordinem
651 3043 904 3146 mirabantur.
959 3043 1121 3117 Humani
1153 3045 1263 3118 etiam

207 3162 371 3256 corporis
394 3185 619 3258 compagem,
638 3161 830 3235 herbarum
849 3167 887 3234 et
912 3161 1262 3235 medicamentorum

206 3283 405 3374 potestates
433 3279 672 3374 explorabant
700 3287 873 3375 tanquam
903 3303 978 3352 rem
1007 3304 1085 3376 quae
1115 3288 1150 3352 et
1179 3281 1262 3353 usui

206 3397 301 3470 soret
326 3403 365 3470 et
390 3396 511 3470 studio
538 3396 647 3493 digna
675 3396 742 3470 sit:
784 3396 883 3470 Hinc
910 3398 1000 3471 adeo
1026 3396 1130 3494 petiit
1151 3395 1264 3470 Poeta

206 3525 283 3586 non'
309 3523 385 3586 tam
411 3513 596 3586 materiem
623 3512 791 3596 carminis
819 3537 927 3609 quam
955 3537 1034 3586 eam
1062 3535 1134 3608 qua
1159 3537 1261 3609 mag·

206 3653 297 3702 num
320 3629 508 3726 ingenium
526 3630 574 3701 uli
595 3636 730 3726 potest.
783 3628 839 3702 Ex
859 3628 1098 3702 Hernicorum
1119 3639 1261 3723 tempu-

206 3770 289 3826 rum
319 3752 430 3832 statu,
455 3746 586 3819 clarius
617 3751 741 3819 autem
771 3770 815 3818 ex
844 3747 958 3841 ipsius
987 3744 1167 3842 operibus
1193 3744 1262 3817 hoc

205 3863 383 3936 affirmare
413 3853 542 3936 ausim.
595 3863 742 3937 Etenim
770 3861 935 3936 Scientiae
966 3861 1087 3935 studio
1115 3872 1263 3956 captum

205 3978 316 4052 fuisse
346 3986 502 4066 constat,
533 4003 615 4052 cum
643 3981 681 4051 in
710 3985 877 4076 poemata
911 4000 978 4051 sua
1011 3977 1084 4050 fere
1118 3997 1263 4050 omnem

206 4119 358 4170 suorum
392 4104 599 4194 temporum
636 4096 838 4170 doctrinam
872 4094 1109 4168 transtulerit.
1165 4095 1261 4169 Con·

206 4211 308 4286 tinua
331 4238 545 4309 magnarum
568 4239 688 4288 rerum
707 4213 942 4287 meditatione
966 4213 1131 4287 ardorem
1152 4214 1262 4308 animi

205 4329 337 4404 fovisse
355 4337 392 4404 et
410 4332 731 4406 sublimassensus
749 4331 956 4428 concepisse
976 4355 1049 4404 non
1069 4331 1261 4418 dubitabit,
