3058 4902
298 349 364 411 310
566 359 773 409 ramrrorro
793 361 1090 411 oacrum-ocum.

298 509 443 582 iilomm
460 511 522 606 qui
539 522 655 608 agunt
671 537 842 609 personas
859 513 1057 610 exquirere.
1095 511 1167 586 Sed
1184 513 1254 586 hoc
1271 537 1357 610 par-

300 626 377 698 cius
402 626 525 700 locum
551 627 671 701 habet.
724 629 859 702 Eadem
885 629 983 702 enim
1009 654 1065 702 res
1094 629 1134 702 in
1160 629 1239 702 aliis
1264 630 1358 704 alios

299 754 423 816 motus
439 744 520 816 ciet.
573 743 809 818 Consuetudo
831 745 1005 819 nimirum
1027 753 1065 818 et
1082 771 1172 820 usus
1195 748 1358 843 plerum-

300 884 370 956 que
387 860 629 934 dominantur.
682 861 790 934 Ratio
813 862 1030 958 cujusquam
1046 863 1091 935 ad
1115 873 1248 936 certam
1271 887 1358 936 nor-

300 1000 398 1048 mam
421 978 555 1050 sensim
574 1001 613 1049 se
630 977 768 1072 effingit
784 987 822 1050 et
838 978 1065 1051 consimilem
1082 987 1201 1050 servat
1219 979 1359 1052 utmbi-

299 1117 371 1188 que
388 1094 616 1166 sententiam.
659 1093 741 1168 Pari
758 1095 867 1167 modo
886 1119 955 1169 usu
972 1097 1142 1168 accrescit
1158 1096 1359 1169 affectuum

300 1209 477 1282 habitudo
505 1211 681 1307 quaedam,
708 1211 762 1284 ita
794 1223 837 1284 ut
870 1235 945 1284 non
974 1213 1110 1286 recenti
1138 1213 1291 1286 consilio
1317 1215 1359 1285 in

299 1350 419 1398 rerum
437 1327 643 1402 occasiones
661 1351 729 1401 uos
745 1329 982 1424 praebeamus
998 1329 1060 1401 sed
1079 1329 1124 1400 de
1142 1330 1250 1402 rebus
1266 1329 1359 1426 ipsis

300 1443 540 1539 dijudicamus
574 1469 619 1517 ex
653 1445 863 1540 opinionum
897 1452 936 1518 et
973 1447 1169 1518 affectuum
1205 1445 1357 1532 ratione,

300 1584 410 1656 quam
436 1584 525 1633 usus
551 1571 588 1633 et
614 1562 832 1656 experientia
861 1561 957 1634 intra
982 1585 1049 1634 nos
1075 1562 1127 1633 ita
1152 1561 1294 1634 effinxit
1319 1572 1359 1636 et

298 1677 533 1772 comparavit,
552 1689 594 1749 ut
612 1677 650 1750 in
668 1701 794 1749 omnes
811 1678 896 1750 vitae
919 1701 1023 1750 casus
1050 1677 1175 1750 statim
1193 1678 1359 1774 depromi

299 1792 426 1888 possit,
444 1816 488 1865 ex
515 1792 647 1866 mentis
665 1793 819 1892 denique
845 1793 972 1866 habitu
998 1794 1043 1866 ab
1061 1801 1216 1890 utraque
1240 1805 1356 1890 parte.

299 1909 419 2006 Siquis
449 1921 585 2006 quaerat
614 1912 712 1984 unde
742 1912 802 1984 hio
831 1911 947 1984 menti
976 1912 1124 1984 habitus
1155 1911 1355 1999 accesserit,

300 2027 399 2100 dictu
435 2051 509 2099 nou
543 2027 638 2100 soret
668 2027 818 2100 difficile.
871 2027 1016 2100 Natura
1049 2028 1147 2100 enim
1181 2028 1219 2100 in
1246 2029 1357 2101 alium

299 2151 407 2239 atque
437 2143 547 2216 alium
574 2145 742 2217 affectum
770 2143 884 2239 magis
914 2144 1019 2240 proni
1049 2167 1198 2218 sumus:
1230 2145 1356 2218 eadem

300 2260 378 2354 lege
401 2260 439 2333 in
458 2260 536 2332 aliis
553 2267 663 2357 atque
688 2261 766 2333 aliis
784 2259 992 2333 hominibus
1016 2259 1203 2334 rationalis
1228 2260 1358 2334 animae

299 2377 394 2450 vires
413 2378 528 2472 magis
546 2383 610 2452 aut
627 2377 748 2451 minus
764 2378 892 2451 validae
913 2388 1010 2452 sunt.
1063 2377 1229 2475 Utroque
1247 2379 1357 2452 etiam

300 2519 384 2589 pars
413 2495 543 2568 mentis
573 2495 713 2568 diversa
742 2497 962 2568 incrementa
989 2493 1055 2568 sibi
1082 2495 1261 2582 adsciscit,
1290 2519 1358 2592 pro

301 2609 475 2682 facultate
498 2635 538 2682 ea
563 2610 759 2707 recipiendi
779 2633 863 2708 quoe
889 2611 992 2683 nobis
1019 2612 1270 2698 obversantur,
1291 2637 1357 2708 pro

301 2727 408 2799 rebus
432 2736 468 2800 et
486 2727 694 2800 bominibus
712 2727 844 2825 quibus
870 2728 907 2800 in
924 2727 1079 2824 pueritia
1098 2737 1136 2799 et
1160 2727 1200 2799 in
1217 2726 1357 2800 adoles-

302 2842 420 2916 centia
445 2844 698 2930 assuescimus
722 2853 758 2916 et
784 2844 961 2939 aquibus
989 2841 1159 2938 opinandi
1185 2849 1222 2914 et
1250 2845 1358 2916 ratio

301 2959 444 3032 uiuendi
470 2959 653 3032 materiam
675 2969 711 3032 et
737 2961 888 3032 modum
914 2960 1112 3045 haurimus,
1131 2965 1242 3055 prout
1259 2961 1359 3032 deni-

301 3101 372 3172 que
399 3076 485 3150 huic
514 3083 580 3150 aut
608 3077 660 3148 illi
690 3076 836 3150 affectui
866 3076 1051 3172 indulgere
1085 3083 1151 3150 aut
1178 3077 1358 3150 moderari

302 3193 485 3266 discimus.
539 3193 708 3266 Diverso
722 3195 845 3291 itaque
870 3193 983 3266 indoli
1008 3193 1146 3266 accedit
1168 3194 1358 3290 experien-

300 3311 354 3383 tia
378 3311 416 3383 in
443 3309 553 3382 nullis
579 3307 730 3383 omuino
757 3310 895 3404 eadem,
922 3311 1037 3384 donec
1059 3316 1140 3383 tota
1164 3333 1358 3406 compages

300 3426 353 3500 ita
371 3425 601 3521 componitur
617 3437 659 3498 ut
682 3424 720 3498 in
739 3426 889 3499 diversis
913 3425 1120 3499 hominibus
1143 3425 1180 3498 in
1198 3425 1358 3498 infinitas

301 3543 374 3617 fere
402 3542 620 3616 differentias
646 3543 762 3617 abeat.
816 3541 917 3626 Quin
947 3556 984 3616 et
1014 3542 1052 3616 in
1079 3552 1159 3617 toto
1185 3543 1270 3616 vitae
1297 3543 1358 3616 de-

301 3684 411 3734 cursu
428 3683 524 3732 nova
540 3657 702 3754 quotidie
718 3657 942 3742 incrementa
956 3657 1145 3731 insinuaut
1161 3681 1251 3742 sese,
1266 3657 1358 3730 adeo

304 3789 345 3849 ut
362 3775 433 3849 alio
449 3783 613 3870 tempore
635 3775 741 3848 aliam
759 3775 1027 3872 quodammodo
1051 3798 1241 3869 personam
1262 3774 1358 3846 idem

302 3918 425 3990 gerere
441 3892 616 3966 videatur.
669 3893 760 3966 Haeo
777 3892 1002 3966 consuetudo
1019 3898 1057 3962 et
1073 3889 1205 3964 rationi
1222 3899 1359 3964 nostrie

301 4019 340 4084 et
365 4011 553 4084 affectibus
579 4008 741 4105 obrepit:
782 4008 852 4081 alia
877 4007 1042 4081 senescit.
1095 4005 1197 4079 Inter
1226 4013 1358 4079 caetera

302 4138 425 4200 autem
455 4133 619 4223 perstant
642 4125 754 4220 magis
772 4149 853 4222 quae
870 4126 928 4198 vel
953 4132 1128 4196 enatura
1153 4121 1232 4217 ipsa
1257 4145 1357 4194 acoe

302 4243 435 4342 pimus,
463 4245 520 4316 vel
545 4267 625 4341 quae
652 4241 782 4316 nativis
807 4241 919 4314 animi
943 4237 1245 4338 propensionibus
1271 4260 1357 4310 oon·

303 4358 456 4430 veniunt
485 4361 611 4453 magis,
638 4362 697 4432 vel
723 4359 877 4455 denique
903 4383 946 4432 ea
970 4381 1051 4456 quae
1078 4357 1199 4430 animo
1229 4365 1356 4428 tenero
