3058 4902
259 325 325 388 340
572 331 788 382 effluente
819 331 997 381 mama,

413 481 449 540 Ὠ
463 485 541 556 φίλοι
554 481 612 552 ἦτοι
625 485 721 556 κλῆρος
734 483 804 553 ἐμὸς,
817 483 902 557 χαίρω
914 484 943 538 δὲ
957 485 998 538 καὶ
1013 484 1091 541 αὐτὸς

418 586 513 658 Θυμῷ·
538 581 594 637 ἐπεὶ
608 581 689 636 δοκέω
704 585 840 652 νικησέμεν
849 581 963 654 Ἕκτορα
976 583 1061 638 δῖονΡ.

259 735 326 784 nec
345 709 483 784 minore
501 735 587 783 cum
604 693 745 782 consilii
768 709 951 782 celeritate
968 709 1043 782 suis
1060 709 1251 804 legationis
1268 712 1315 784 ad

259 828 441 901 Achillem
459 827 623 922 partibus
646 826 888 922 perfungitur.
942 825 1112 899 Hectoris
1135 828 1316 900 etiamad

258 943 557 1041 Polydamantem
584 941 787 1038 objurgatio
816 942 928 1015 unimi
958 953 1014 1015 est
1042 965 1119 1014 rem
1146 953 1184 1015 et
1210 969 1315 1016 oeca-

258 1061 400 1133 sionem
420 1059 495 1133 suis
513 1059 703 1132 affectibus
721 1058 972 1132 submittentis
986 1090 1046 1132 :-

417 1200 463 1262 uls
476 1203 566 1260 oloris
579 1204 697 1276 ἄριστος,
712 1202 854 1274 dulnosus
867 1207 928 1278 περὶ
941 1207 1039 1276 πάτρης
1046 1210 1068 1258 l.

258 1331 434 1428 Prompta
449 1330 541 1404 adeo
558 1329 687 1426 agendi
704 1341 742 1403 et
759 1331 930 1428 loquendi
954 1329 1117 1404 celeritas
1134 1331 1178 1402 ad
1197 1354 1315 1404 mores

256 1447 469 1544 aperiendos
488 1446 583 1519 iacit.
637 1445 751 1520 Porro
773 1448 927 1520 affectus
945 1445 1135 1519 hominum
1151 1446 1260 1518 rebus
1276 1455 1316 1518 et

256 1564 376 1638 verbis
393 1562 634 1636 immiscuisse
658 1587 802 1636 morum
821 1572 858 1635 et
883 1587 1046 1660 personae
1071 1561 1314 1636 imitationem

256 1680 423 1777 proxime
450 1677 610 1774 attingit.
663 1678 828 1775 Hujusce
855 1679 917 1765 rei,
942 1685 985 1752 ut
1008 1703 1119 1776 supra
1143 1679 1314 1776 exposui-

256 1820 341 1869 mus
350 1804 374 1885 ¹,
393 1797 564 1893 praeclura
581 1799 747 1894 exempla
769 1798 869 1893 apud
886 1795 1090 1869 Homerum
1107 1796 1243 1891 passim
1260 1821 1314 1868 re-

255 1913 456 2009 periuntur.
489 1912 682 1986 Orationes
700 1913 899 1986 affectuum
916 1914 1075 1986 maxime
1091 1913 1209 2009 plenae
1226 1920 1316 1986 sunt

254 2029 350 2102 inter
372 2029 474 2104 alias,
526 2030 681 2102 Achillis
706 2030 753 2101 ad
770 2029 938 2125 Ulyssem
965 2053 1179 2125 responsum
1205 2029 1244 2102 in
1263 2034 1316 2101 9¹⁰

255 2143 391 2218 Iliados
407 2147 527 2233 libro;
554 2145 715 2219 Helenes
739 2145 785 2218 ad
803 2145 1015 2219 Priamum
1005 2170 1043 2217 rn
1060 2143 1139 2233 3¹¹⁰;
1168 2147 1313 2220 Andro·

255 2262 403 2334 maches
420 2262 466 2335 ad
484 2263 678 2336 Hectora
668 2289 705 2335 1n
725 2263 772 2334 6*ο
789 2263 1002 2337 mollissima
1022 2266 1153 2352 verba;
1181 2264 1314 2336 Priami

255 2385 293 2452 el
319 2379 480 2453 Hecubae
507 2380 553 2452 nd
577 2381 733 2453 eundem
761 2404 845 2453 cum
871 2380 1054 2452 Achille
1039 2404 1117 2476 Jam
1144 2405 1314 2476 congres-

254 2519 389 2568 surum.
443 2496 668 2569 Menelaiet
686 2496 852 2569 Nestoris
878 2496 925 2568 ad
949 2496 1210 2570 'lelemachum
1234 2521 1314 2570 ora-

253 2613 410 2685 tiones
400 2638 438 2685 m
463 2611 676 2710 Odysseas
666 2637 704 2685 m
728 2614 860 2709 quibus
887 2613 1069 2699 omnibus,
1094 2613 1125 2685 si
1152 2615 1198 2686 de
1225 2639 1314 2709 prae·

253 2729 348 2803 senti
374 2755 496 2804 rerum
522 2737 622 2803 statu
647 2730 878 2802 verbafacta
904 2731 990 2817 sint,
1018 2732 1180 2804 atenim
1205 2733 1314 2805 vehe-

253 2871 356 2921 mens
390 2859 429 2920 et
462 2847 644 2920 concitata
677 2847 850 2944 loquendi
883 2847 976 2920 ratio
1010 2848 1209 2921 affectuum
1243 2861 1312 2921 est.

254 2963 512 3061 Saepenumero
545 2965 656 3038 etiarn
691 2989 765 3037 uno
799 2964 873 3036 sere
902 2966 1080 3038 vocabulo
1115 2976 1179 3038 aut
1212 2966 1315 3038 brevi

251 3082 382 3153 saltem
416 3081 588 3214 loquendi
622 3082 777 3154 formula
809 3105 883 3154 non
913 3083 1067 3155 obscure
1101 3081 1315 3178 designatur

253 3197 406 3271 affectus
435 3197 559 3285 animi,
591 3198 707 3272 sicubi
736 3197 871 3271 actioni
906 3199 976 3294 ipsi
1005 3197 1138 3271 mentis
1169 3207 1313 3272 motum

252 3315 349 3388 unde
366 3314 580 3411 processerit
597 3294 820 3411 adjiciamus.
875 3313 932 3387 Ita
945 3311 1092 3411 Chrysae
1110 3326 1258 3388 maestus
1275 3327 1312 3388 et

253 3432 417 3528 abjectus
435 3431 577 3504 animus
595 3431 880 3527 depingitur:

413 3574 567 3644 nfio'dxe'o
569 3575 737 3648 ναπρὸθῖνα
750 3576 878 3645 πολυφλο
879 3573 1150 3644 ι’σβοωθαλόσοηςὶ
1199 3621 1202 3627 ,

252 3702 311 3775 Ita
327 3701 472 3798 Ulyssis
498 3707 536 3774 et
561 3700 741 3774 sociorum
768 3700 847 3795 ejus
873 3702 918 3773 ab
944 3711 1109 3773 extremo
1126 3699 1210 3774 vitae
1240 3701 1311 3774 dis-

251 3817 400 3892 crimine
415 3816 475 3889 vix
496 3817 571 3914 jam
590 3818 796 3914 elapsurum
812 3815 933 3888 intimi
957 3816 1113 3914 pectoris
1136 3818 1310 3914 gaudium

252 3942 291 4009 et
307 3934 432 4032 effugii
449 3935 507 4007 sui
525 3957 674 4007 sensus:
677 3975 729 3986 --

407 4071 537 4143 'nuperos
551 4073 579 4128 ἐκ
592 4073 712 4128 θανάτοιο
726 4073 824 4144 φίλους
837 4071 979 4127 ὀλέσαντες
993 4073 1080 4180 ἔταῖοαιρο
1081 4067 1137 4130 vr*-

290 4195 372 4255 rll.
389 4208 424 4255 Η.
444 4213 510 4269 190
841 4196 915 4254 ’,ΙΙ
932 4211 964 4257 Α.
978 4216 1026 4272 34.

291 4273 544 4349 *Ibid.st.r43.
841 4272 900 4335 ι0
874 4272 977 4355 O.dyae
995 4293 1024 4337 κ.
1044 4295 1110 4353 134
1124 4277 1177 4338 aa.

290 4363 301 4393 ⁸
322 4353 389 4412 vid.
404 4353 623 4413 Pralastionem
643 4361 736 4430 mm.

1519 2275 1520 2378 l

1519 3039 1520 3100 l

1518 3135 1520 3196 l

1519 3465 1520 3498 l

1519 3747 1520 3780 l

1519 4647 1520 4706 l
