3094 4898
321 266 384 330 116
641 285 856 335 ramanorro
877 285 1046 335 sarrrur.

319 438 438 510 crateri
461 434 635 532 sequioris
658 433 726 505 aevi
748 431 950 528 Scriptores
974 441 1049 504 tam
1072 430 1227 504 sollicito
1252 431 1377 503 studio

320 551 515 625 Platonicae
539 556 577 622 et
603 548 837 645 Pythagoreae
862 547 1102 643 philosophia
1128 547 1306 644 principia
1330 549 1378 619 ab

319 664 466 760 Orpheo
493 662 648 734 deducta
672 684 751 733 esse
776 661 1000 732 voluerunt?
1028 659 1202 731 nimirum
1222 665 1266 731 ut
1289 658 1376 730 doc-

321 778 453 850 trinam
483 800 587 850 suam
613 777 694 848 velo
723 774 957 860 obducerent,
985 779 1023 846 et
1052 774 1132 870 ipsa
1161 773 1379 870 antiquitate

320 893 539 965 sanctiorem
561 891 730 964 facerent.
783 889 863 962 Nec
882 913 969 961 vero
992 889 1032 961 in
1051 888 1223 985 Orphicis
1248 887 1379 962 carmi-

323 1005 430 1076 nibus
447 1027 490 1074 ea
507 1027 587 1097 quae
604 1001 765 1096 plerique
785 1005 886 1096 (pace
909 999 1062 1072 dixerim
1080 1009 1266 1074 tantorum
1283 1001 1380 1072 viro

324 1127 419 1208 rum)
440 1128 586 1192 remotae
609 1116 836 1213 antiquitatis
858 1115 991 1189 indicia
1007 1141 1176 1213 agnosco.
1223 1118 1284 1190 Ab
1301 1116 1381 1188 Ho-

324 1237 458 1310 merica
479 1259 565 1308 sane
590 1235 652 1306 illa
677 1245 714 1307 et
740 1233 913 1330 primaeva
940 1232 1173 1329 simplicitate
1203 1239 1241 1306 et
1269 1235 1382 1306 verba

323 1356 403 1452 ipsa
436 1359 473 1426 et
508 1351 679 1448 Syntaxis
712 1359 750 1422 et
783 1350 1047 1422 sententiarum
1084 1349 1242 1434 habitus,
1278 1355 1380 1422 totus

326 1471 481 1564 denique
507 1465 678 1540 orationis
703 1466 802 1538 color
827 1489 937 1560 quam
962 1463 1170 1562 longissime
1195 1465 1378 1539 abhorret.

326 1584 452 1682 Siquid
478 1590 600 1656 autem
627 1587 731 1654 extra
755 1580 845 1652 illud
876 1581 974 1676 quod
1002 1581 1150 1676 vulgare
1177 1586 1215 1653 et
1241 1581 1381 1653 humile

325 1707 381 1773 est
406 1708 577 1794 evagetur
597 1697 742 1782 author,
759 1698 861 1768 nulla
885 1703 942 1768 est
966 1696 1154 1769 indomitae
1175 1703 1214 1770 et
1233 1697 1380 1769 incultae

326 1822 466 1888 uaturae
492 1812 703 1902 similitudo,
730 1813 794 1885 sed
819 1811 961 1886 dicendi
987 1837 1102 1908 genus
1129 1813 1381 1908 importunum

324 1939 362 2005 et
389 1931 500 2004 nimia
525 1941 603 2001 arte
629 1929 885 2024 compositum,
912 1940 956 2000 ut
985 1928 1088 2002 facile
1111 1951 1286 2025 agnoscas
1311 1928 1382 2000 viri

326 2071 421 2144 opus
446 2069 524 2118 esse
550 2045 613 2141 qui
639 2045 797 2117 tenebris
823 2054 860 2117 et
883 2045 1065 2141 mysteriis
1089 2045 1221 2117 studet.
1274 2043 1323 2116 In
1339 2068 1383 2116 ea

326 2165 481 2260 denique
521 2161 700 2234 sententia
738 2184 887 2257 prorsus
923 2185 1003 2233 sum
1038 2161 1180 2233 nullum
1215 2184 1383 2257 unquam

326 2279 437 2351 fuisse
456 2276 595 2374 Orphei
621 2277 678 2348 vel
699 2277 831 2350 Musaei
856 2276 916 2348 vel
940 2276 1023 2349 Lini
1048 2276 1250 2371 legitimum
1276 2301 1380 2373 opuS,

326 2394 524 2490 praesertim
548 2415 631 2465 curn
657 2391 752 2463 inter
767 2399 825 2464 tot
841 2397 1003 2464 veterum
1021 2392 1166 2464 oracula
1185 2392 1245 2465 vix
1263 2417 1382 2466 uuum

326 2519 391 2583 aut
408 2511 562 2582 alterum
578 2506 627 2580 sit
644 2507 688 2580 de
706 2532 779 2602 quo
805 2531 880 2579 non
906 2509 1032 2580 statim
1055 2508 1272 2581 sententiam
1289 2509 1382 2582 seras

327 2627 489 2699 Homero
516 2623 696 2696 recentius
724 2647 812 2710 esse,
840 2623 903 2695 sed
930 2624 1007 2696 haeo
1032 2625 1154 2696 omnia
1179 2625 1239 2696 vel
1264 2625 1311 2697 ab
1338 2625 1383 2698 iis

327 2743 531 2837 conscripta
561 2745 659 2824 sunt,
687 2737 751 2834 qui
780 2737 986 2834 sortilegam
1013 2749 1125 2812 artem
1156 2741 1382 2829 exercebant,

327 2858 386 2929 vel
412 2857 456 2929 ab
484 2855 616 2928 ltalicae
648 2855 788 2928 Scholae
820 2853 991 2949 sophistis
1020 2851 1183 2952 [suerunt
1211 2858 1311 2928 enim
1336 2881 1383 2929 ex

329 2972 489 3064 qualibet
519 2978 619 3043 secta
645 2970 830 3066 sophistae,
857 2969 1021 3043 homines
1046 2973 1261 3066 plerumque
1287 2973 1384 3046 fran-

330 3089 471 3160 dulenti
496 3095 533 3158 et
559 3084 746 3185 loquaces]
768 3088 825 3160 vel
851 3087 961 3161 etiam
986 3089 1031 3161 ab
1056 3089 1134 3162 aliis
1160 3091 1224 3185 qui
1248 3090 1385 3185 ingenii

329 3201 520 3274 exercendi
544 3203 672 3296 gratia,
690 3202 828 3276 fraudis
852 3203 1006 3296 denique
1029 3210 1066 3276 et
1083 3215 1244 3297 quaestus
1261 3205 1384 3279 studio

329 3341 396 3389 sna
429 3315 562 3412 scripta
592 3319 660 3390 sub
691 3319 807 3392 alieno
837 3319 983 3392 nomine
1009 3320 1256 3407 venditabant,
1284 3325 1384 3418 quod

329 3457 443 3528 genus
469 3431 659 3505 homiuum
684 3435 783 3531 apud
802 3433 949 3507 Graecos
976 3459 1050 3507 non
1070 3435 1277 3530 infrequens
1294 3445 1383 3510 erat.

331 3549 426 3622 Sunt
451 3547 562 3621 etiam
585 3571 667 3646 quae
692 3550 750 3622 vel
775 3549 862 3645 ipsis
889 3549 1103 3626 Christianis
1129 3553 1306 3625 debentur
1326 3554 1386 3625 vel

331 3675 428 3740 certe
462 3690 536 3739 non
570 3673 656 3739 ante
689 3676 816 3739 natum
847 3664 1036 3741 Christum
1069 3669 1210 3763 prolata
1241 3676 1330 3742 sunt
1363 3695 1386 3744 a

329 3782 590 3855 recentioribus
620 3782 772 3854 sortasse
797 3779 994 3855 Platonicis
1024 3783 1237 3880 conscripta,
1268 3787 1387 3858 multa

330 3901 437 3970 etiarn
455 3899 657 3992 fragmenta
673 3921 747 3969 non
765 3895 836 3970 nisi
853 3899 951 3993 apud
970 3897 1196 3972 Christianos
1213 3901 1386 3974 authores

330 4012 575 4098 inveniuntur,
603 4013 691 4084 dum
719 4012 858 4084 fabulas
886 4023 922 4086 et
952 4014 1163 4087 testimonia
1188 4016 1234 4088 ab
1259 4016 1386 4088 adver-

332 4128 432 4199 soriis
449 4127 523 4199 suis
541 4129 651 4200 allata
670 4130 767 4202 ultro
784 4127 978 4226 excipiunt,
998 4140 1034 4204 et
1056 4131 1130 4204 suis
1153 4130 1235 4205 telis
1260 4132 1387 4206 hostes

333 4241 490 4337 opprimi
509 4242 650 4315 volunt.
