3058 4908
422 385 426 395 ·
486 387 700 438 nmnncrro
719 387 944 440 oronnam.
1082 405 1089 418 ·
1181 375 1245 438 211

189 538 278 613 tiam
321 546 421 627 sunt,
457 545 583 615 tamen
627 539 866 636 conceptibus
906 535 1039 611 nostris
1077 535 1247 634 propiora

189 663 287 743 sunt,
320 666 356 731 et
388 657 546 754 Superos
576 656 746 731 humanis
781 655 936 752 negotiis
966 654 1129 751 hospites
1159 653 1247 725 dant

189 772 305 870 magis
323 773 528 848 familiares.
855 845 864 860 ,

239 889 309 964 His
325 890 436 986 igitur
452 890 520 963 rite
543 889 742 986 perpensis,
760 887 836 984 jam
855 885 976 961 mirari
994 888 1075 984 quis
1093 885 1244 974 desinat,

190 1033 256 1082 cur
272 1015 413 1082 tantam
439 1008 642 1082 fabularum
666 1007 800 1079 molem
826 1012 862 1078 et
879 1012 936 1078 tot
957 1005 1138 1102 religionis
1155 1027 1247 1102 prae-

189 1125 313 1221 stigias
341 1124 509 1222 operibus
544 1123 619 1196 suis
654 1122 846 1196 intexuerit
877 1121 1072 1196 Homerus.
1127 1120 1248 1193 Sensit

190 1242 288 1315 enim
312 1241 402 1315 nulli
428 1243 479 1314 rei
504 1241 690 1314 lubentius
716 1263 756 1313 se
781 1239 923 1312 tradere
948 1237 1113 1312 homines
1136 1261 1246 1334 quam

193 1358 440 1456 superstitioni
476 1367 514 1431 et
553 1381 598 1430 ex
637 1357 738 1430 nulla
777 1367 880 1453 parte
921 1357 1036 1452 magis
1076 1355 1248 1428 audacter

191 1498 380 1548 excurrere
413 1480 572 1547 mentem
608 1474 830 1560 humanam3
869 1482 979 1570 atque
1008 1472 1098 1545 adeo
1131 1477 1176 1544 ut
1208 1469 1246 1542 in

191 1592 331 1664 oaeteris
361 1589 465 1665 avide
495 1589 648 1688 arripuit
683 1589 844 1664 subsidia
877 1591 946 1663 istu
980 1613 1060 1688 quae
1094 1613 1139 1662 ex
1173 1611 1248 1660 suae

191 1707 309 1783 aetatis
336 1708 456 1782 indole
484 1717 521 1781 et
548 1713 648 1781 statu
675 1708 784 1806 pleno
809 1705 960 1781 flumine
986 1706 1138 1780 derivari
1164 1729 1247 1802 pos·

192 1835 284 1900 sent.
337 1824 418 1899 Nos
453 1825 547 1899 hanc
576 1824 654 1922 ejus
689 1824 906 1898 sententiam
940 1825 1140 1897 multorum
1170 1823 1247 1918 jam

193 1943 399 2015 seculorum
432 1966 503 2014 usu
547 1942 822 2038 comprobatam
856 1941 1024 2014 vidimus.
1077 1939 1247 2012 Vidimus

192 2058 411 2132 recentiores
445 2057 580 2131 Poetae
616 2058 727 2132 etiam
768 2058 806 2129 in
841 2056 919 2131 istis
952 2056 1177 2154 temporibus
1211 2055 1249 2128 in

193 2175 324 2273 quibus
338 2177 469 2250 fabulis
483 2173 622 2249 Graecis
635 2175 694 2248 vel
712 2175 831 2249 minus
849 2177 1011 2275 impensa
1030 2175 1250 2248 studuerunt

192 2291 371 2380 homines,
390 2294 449 2365 vel
465 2317 525 2366 eas
542 2292 639 2367 fama
656 2299 800 2367 tantum
819 2299 917 2367 etex
934 2294 1088 2367 aliorum
1105 2289 1249 2389 scriptis

193 2417 396 2509 compertas
431 2410 648 2499 babuerunt,
682 2412 760 2507 ejus
795 2412 946 2509 vestigia
978 2413 1141 2484 deserere
1175 2433 1249 2483 non

194 2552 301 2602 ausos
318 2528 441 2602 fnisse.
489 2527 652 2601 Tandem
671 2529 878 2626 aliquando,
897 2530 959 2602 sed
976 2528 1066 2601 illud
1084 2535 1250 2623 exparte

194 2655 351 2731 tantum,
371 2644 530 2718 Gothica
548 2643 768 2742 Superstitio
789 2651 879 2736 (eam
899 2644 978 2717 dico
995 2669 1075 2740 quae
1092 2653 1135 2716 ut
1152 2640 1248 2715 vide-

193 2768 257 2834 tur
269 2763 402 2858 partim
414 2785 435 2833 a
450 2761 734 2858 Septentrionali
744 2762 892 2858 Europa
901 2761 1033 2858 partim
1043 2762 1088 2834 ab
1100 2760 1250 2834 Oriente

194 2876 381 2977 profluxit)
401 2878 442 2950 in
459 2880 618 2975 antiquae
635 2880 758 2952 loeum
776 2881 971 2954 successit:
995 2879 1072 2976 pari
1089 2880 1167 2976 lege
1184 2901 1251 2950 nec

194 2995 316 3069 minus
334 2995 486 3069 feliciter
501 3003 583 3071 tum
602 2996 722 3071 Italici
745 3005 863 3096 poetae
880 3004 961 3071 tum
979 2997 1249 3093 Sbakespearus

195 3125 231 3189 et
267 3113 470 3212 Spencerus
508 3115 624 3188 nostri
664 3140 813 3189 suorum
847 3115 1077 3214 popularium
1111 3113 1251 3188 fabulas

194 3241 475 3328 usurpaverunt,
494 3241 602 3329 atque
625 3233 706 3306 illas
731 3232 839 3307 etiam
858 3233 971 3330 magis
989 3258 1096 3332 quam
1115 3232 1251 3306 Graecae

194 3347 350 3422 licentiae
368 3359 404 3422 et
427 3349 631 3424 formidinis
657 3352 795 3447 plenas,
816 3351 948 3448 quibus
965 3356 1088 3424 tamen
1104 3350 1163 3422 vel
1188 3349 1249 3421 ad-

194 3466 269 3540 buc
290 3465 548 3563 superstitione
575 3466 645 3539 ista
672 3467 889 3565 jampridem
915 3469 1077 3564 ablegata
1096 3467 1250 3539 oblecta-

196 3607 292 3670 mur,
321 3583 443 3656 adbuc
473 3583 510 3656 in
540 3583 658 3657 media
685 3584 922 3682 philosophiae
950 3593 987 3659 et
1016 3583 1252 3658 sanctissima

195 3699 380 3796 religionis
406 3700 486 3773 luce
512 3699 661 3774 Poetam
688 3703 782 3776 inter
808 3709 1006 3776 nocturnos
1034 3704 1189 3774 lemures
1214 3704 1252 3771 et

196 3841 366 3914 sagarum
400 3823 572 3916 portenta
599 3826 805 3894 versantem
834 3845 908 3894 non
933 3819 1039 3892 inviti
1068 3815 1251 3915 prosequi-

195 3960 281 4010 mur
291 3969 302 4025 ;
325 3960 400 4010 non
415 3936 514 4035 quod
532 3937 603 4011 illis
622 3939 759 4012 creduli
777 3963 915 4027 sumus,
930 3939 993 4011 sed
1006 3935 1103 4034 quod
1122 3933 1251 4008 inistis

196 4052 323 4149 spatiis
352 4052 500 4128 liberius
524 4058 647 4152 vagari
677 4061 715 4128 et
744 4056 887 4153 longius
916 4078 1104 4129 excurrere
1131 4057 1253 4150 potest

195 4194 301 4246 mena
335 4171 523 4261 bumana;
564 4175 662 4270 quod
695 4173 732 4246 in
768 4174 839 4247 illis
873 4173 968 4247 vires
1002 4196 1086 4248 suas
1121 4172 1253 4270 quibus

196 4311 311 4362 novas
334 4289 470 4365 forinas
493 4291 601 4386 fingit
621 4297 659 4364 et
681 4296 879 4390 conceptus
903 4317 987 4366 suos
1017 4315 1083 4388 pro
1106 4290 1253 4365 arbitrio

196 4406 383 4504 componit
423 4413 565 4482 tentare
607 4413 742 4505 potest,
781 4407 922 4507 inquies
966 4409 1178 4505 plerumque
1215 4418 1252 4481 et

698 4528 759 4598 1³2
