3096 4886
426 895 852 990 PRAELECTIO
905 897 1196 1003 QUINTA.
1295 965 1301 974 .

286 1311 592 1480 HACTENUS
627 1315 666 1388 in
700 1315 921 1411 exquirendo
953 1314 1098 1411 publica
1131 1321 1169 1389 et
1197 1315 1338 1413 privata

382 1430 659 1504 Homericorum
679 1438 887 1527 temporum
915 1431 990 1504 vita
1017 1433 1178 1505 studiose
1204 1435 1337 1506 versati

288 1569 427 1634 sumus,
454 1548 485 1620 si
510 1547 603 1620 forte
628 1546 727 1620 illam
754 1546 909 1620 strictim
935 1549 998 1621 sed
1022 1555 1145 1620 tumen
1172 1561 1338 1622 accurate

287 1663 499 1738 adumbrare
523 1688 724 1760 possemus.
776 1662 899 1760 Atque
920 1665 998 1738 haec
1021 1665 1166 1761 quidem
1192 1690 1276 1738 cum
1299 1665 1338 1738 in

289 1782 412 1867 finem,
432 1803 505 1875 quo
528 1779 657 1854 melius
686 1785 879 1868 constaret,
899 1805 1092 1875 quemnam
1118 1806 1239 1854 rerum
1264 1788 1337 1856 sta-

286 1901 367 1968 tum
394 1893 609 1991 exemplaris
633 1895 714 1966 loco
741 1902 826 1965 ante
851 1896 975 1967 oculos
1001 1895 1128 1968 habuit
1153 1895 1276 1983 Poeta,
1300 1907 1338 1969 ct

287 2012 385 2085 unde
420 2010 488 2083 sibi
521 2017 598 2082 tom
634 2010 771 2082 lantum
806 2010 1067 2106 supellectilem
1100 2013 1335 2108 comparavit.

289 2125 501 2224 Exploratis
524 2124 637 2222 igitur
658 2127 736 2221 jam
753 2123 917 2198 Hernicis
941 2125 1114 2213 moribus,
1132 2127 1337 2223 proximum

288 2252 345 2315 est
361 2267 488 2315 eorum
506 2241 580 2314 vim
597 2250 634 2314 ct
650 2266 759 2315 usum
782 2250 961 2336 quotenus
982 2241 1090 2313 rebus
1107 2239 1262 2314 Poeticis
1282 2243 1337 2314 in·

287 2357 449 2431 serviunt
467 2357 656 2454 explicare.
696 2357 751 2429 Eo
770 2367 891 2429 tamen
909 2355 1118 2452 properanti
1134 2364 1353 2430 transverse

286 2472 452 2560 incurrit,
481 2479 519 2545 ct
549 2471 668 2544 medio
702 2473 880 2545 incursu
910 2496 1050 2544 moram
1080 2470 1195 2566 injicit
1225 2474 1337 2546 ultera

287 2589 434 2687 quidem
452 2590 515 2662 sed
531 2587 617 2661 huic
634 2594 786 2684 cognatu
803 2589 979 2660 materies.
1020 2587 1114 2660 Sunt
1129 2587 1226 2660 euim
1240 2597 1336 2662 artes

287 2708 450 2804 quaedom
470 2728 624 2804 quarum
644 2729 726 2777 cum
746 2705 821 2776 vita
847 2704 1006 2776 humana
1031 2728 1073 2776 ea
1089 2710 1146 2776 est
1171 2705 1335 2791 societas,

286 2833 329 2896 ut
346 2824 391 2896 ab
409 2824 472 2896 illa
497 2823 594 2896 haud
619 2829 717 2894 recte
734 2819 891 2915 disjungi
917 2819 1082 2916 possint3
1112 2845 1192 2916 quae
1218 2845 1337 2894 mores
1422 2801 1429 2824 ⁴

286 2940 480 3012 homiuum
507 2939 537 3030 si
562 2961 637 3009 non
655 2937 799 3032 fingunt
826 2935 951 3008 sedulo
970 2947 1092 3009 tamen
1118 2937 1337 3011 comitantur

286 3064 325 3127 et
346 3078 421 3126 una
442 3077 527 3126 oum
551 3052 622 3126 illis
645 3063 825 3148 augentur
845 3058 883 3124 et
899 3052 1042 3147 vigent:
1072 3076 1131 3125 cas
1157 3051 1236 3126 dico
1257 3079 1338 3150 quae

285 3168 498 3264 vulgatioris
529 3175 616 3240 sunt
644 3192 733 3240 usus
756 3179 793 3241 et
819 3169 904 3241 vitae
932 3170 1122 3242 commoda
1147 3179 1184 3242 ct
1215 3193 1336 3244 neces·

287 3285 412 3357 sitntes
436 3289 613 3379 spectant.
668 3283 813 3357 Caeterae
832 3311 912 3382 quae
935 3285 1100 3380 ingenuae
1123 3293 1210 3360 sunt
1227 3312 1335 3361 suum

286 3399 355 3473 sibi
382 3399 531 3473 seorsim
557 3402 680 3473 locum
702 3401 899 3474 vindicant.
929 3401 996 3472 'In
1025 3400 1122 3474 hisee
1146 3403 1258 3497 igitur
1283 3403 1335 3477 di·

284 3515 471 3590 verticulis
501 3517 693 3613 paululum
723 3516 947 3604 commorati,
977 3542 1021 3591 eo
1051 3542 1124 3614 quo
1154 3520 1336 3594 tendimus

285 3634 418 3707 rectius
435 3639 666 3706 revertemur.

336 3749 479 3823 Harum
497 3761 622 3822 autem
639 3749 772 3822 ortium
790 3753 896 3846 longe
913 3752 1078 3824 omnium
1094 3750 1212 3848 prima
1229 3761 1284 3824 est
1301 3761 1338 3824 et

285 3866 441 3940 maxima
470 3865 725 3960 Agricultura:
766 3891 845 3961 quae
875 3865 1023 3963 quidem
1052 3867 1090 3940 in
1120 3867 1188 3939 isto
1216 3893 1338 3940 rerum

285 3989 386 4055 statu
415 4006 523 4078 quem
550 3979 742 4075 antiquiori
773 3981 919 4056 Graeciae
948 3983 1077 4057 tribuit
1106 3983 1337 4082 Thucydides

284 4096 343 4167 vel
378 4096 477 4167 nullo
509 4097 568 4169 vel
601 4096 732 4192 exiguo
765 4099 874 4171 fucrit
907 4123 1053 4171 neccsse
1086 4107 1153 4174 est.
1218 4101 1337 4197 Agros

285 4236 402 4285 serere
429 4216 466 4284 et
495 4211 616 4307 fruges
646 4213 817 4310 colligere·
841 4215 944 4287 focile
978 4223 1115 4288 norunt
1144 4217 1335 4305 homines;
