3058 4908
258 321 324 386 222
522 329 736 380 rnnarorro
755 319 1053 377 necrus-raam.

264 485 418 582 denique
439 484 503 556 illa
519 507 600 580 quae
616 481 761 577 utrique
781 477 902 550 media
922 473 1177 548 intercedebat.
1227 471 1314 545 Jam

268 599 520 698 antiquissima
540 607 706 695 tempora
726 621 749 670 a
770 596 856 669 ficta
881 591 1046 666 Historia
1061 591 1123 664 vix
1146 589 1233 664 satis
1259 589 1313 662 di-

265 720 420 792 stabant.
473 715 637 790 Historia
654 710 763 787 tantis
781 710 939 786 tenebris
959 719 996 782 et
1013 706 1180 782 sordibus
1203 707 1313 780 obvo-

265 836 345 907 luta
368 835 557 908 obscuram
576 829 739 905 veritatis
761 829 916 926 speciem
939 849 1013 924 prae
1038 849 1078 900 se
1100 825 1181 911 lert,
1203 835 1314 920 atque

261 953 429 1047 exiguam
444 957 509 1024 aut
526 952 663 1023 nullam
681 949 788 1044 plane
799 945 953 1019 Poeticis
969 942 1187 1017 carminibus
1203 941 1315 1015 fidem

261 1076 299 1142 et
328 1069 586 1142 authoritatem
612 1064 710 1138 facit.
764 1064 975 1135 Graecorum
1003 1067 1128 1133 autem
1157 1058 1315 1154 origines

266 1210 341 1258 non
357 1195 434 1260 tam
450 1184 581 1256 fabulis
598 1205 708 1280 quam
727 1179 898 1254 monstris
917 1188 956 1251 et
977 1176 1151 1275 prodigiis
1175 1175 1317 1248 msertae

265 1309 364 1390 sunt,
390 1327 469 1398 quae
492 1301 538 1374 ad
564 1300 749 1396 exemplar
773 1296 856 1370 vitae
882 1294 1156 1392 exprimendum
1184 1315 1317 1392 parum

264 1419 415 1504 faciunt,
443 1441 511 1490 nec
535 1441 621 1489 vero
646 1439 670 1487 a
693 1438 733 1486 re
758 1414 901 1511 poetica
928 1413 1079 1486 omnino
1105 1411 1315 1485 abhorrent.

264 1535 358 1608 Haec
373 1535 468 1607 enim
486 1539 574 1606 sunt
590 1556 672 1629 quae
688 1542 847 1604 mentem
865 1529 1121 1627 superstitione
1137 1528 1317 1601 imbutam

264 1652 449 1748 exagitant
469 1661 505 1724 et
522 1657 671 1737 terrent,
690 1675 771 1747 quae
791 1648 1006 1746 antiquitate
1023 1670 1091 1720 sua
1105 1646 1263 1719 verenda
1279 1653 1318 1719 et

266 1769 450 1866 religione,
475 1769 507 1842 si
529 1766 678 1842 Poetieo
701 1766 831 1862 spiritu
856 1766 1067 1851 induantur,
1091 1787 1165 1837 non
1188 1764 1318 1836 leviter

263 1887 302 1960 in
320 1887 449 1960 animis
468 1885 633 1958 omnium
648 1885 817 1958 insident.
864 1882 1041 1979 Exemplo
1059 1883 1134 1954 sint
1149 1879 1318 1977 AEschyli

268 2004 518 2090 Prometheus,
546 2014 583 2075 et
610 2002 771 2098 ejusdem
797 1999 1027 2086 Eumenides,
1055 2023 1144 2097 quas
1170 1999 1318 2095 quidem

266 2121 474 2217 Tragoedias
504 2119 673 2215 religione
706 2120 777 2192 ista
805 2116 1024 2215 jampridem
1052 2117 1217 2214 ablegata
1242 2139 1317 2188 non

268 2241 344 2314 aine
365 2247 513 2335 stupore
538 2238 695 2334 quodam
713 2243 823 2333 atque
839 2235 948 2308 animi
973 2235 1214 2332 trepidatione
1237 2259 1316 2330 per·

265 2357 459 2453 legimus⁰;
485 2356 546 2428 ille
558 2353 666 2428 etiam
680 2353 841 2428 cultioris
854 2359 892 2425 et
909 2353 1084 2427 mollioris
1101 2350 1235 2448 ingenii
1244 2351 1319 2424 Eu·

265 2471 397 2571 ripides
411 2473 449 2545 in
459 2471 613 2545 Bacchis
632 2470 706 2544 suis
720 2496 794 2544 non
804 2469 966 2544 absimile
977 2469 1046 2544 sibi
1062 2479 1319 2565 argumentum

268 2592 395 2678 habet,
416 2589 504 2687 quin
517 2594 555 2661 et
568 2587 877 2686 ipseAristoteles,
889 2587 919 2660 si
932 2594 1030 2660 recte
1043 2585 1206 2660 authoris
1219 2609 1319 2660 men·

267 2715 342 2782 tern
370 2731 552 2804 assequor,
582 2703 784 2779 istiusmodi
805 2704 1006 2800 Tragoediis
1032 2713 1203 2802 quartum
1224 2703 1322 2778 inter

268 2824 356 2898 ahos
373 2826 495 2899 locum
513 2821 693 2896 adscribit.
730 2819 819 2895 Haec
834 2845 909 2894 non
926 2820 1104 2917 ignoravit
1122 2819 1320 2910 Homerus

270 2943 404 3015 maluit
435 2951 556 3014 tamen
586 2940 739 3036 sparsim
768 2950 805 3012 et
834 2963 879 3011 ex
912 2945 1016 3036 parte
1049 2941 1125 3013 haec
1151 2945 1323 3036 portenta

273 3059 375 3155 operi
392 3082 459 3130 suo
476 3057 639 3129 intexere
658 3081 767 3153 quam
784 3081 829 3129 cx
846 3055 890 3130 iis
907 3062 1029 3129 totum
1046 3063 1207 3143 struere;
1226 3063 1325 3130 necte

271 3175 433 3248 enimet
461 3173 644 3270 sapienter
667 3171 846 3270 judicavit
873 3197 947 3247 non
977 3198 1022 3246 ex
1052 3174 1125 3246 illis
1154 3181 1324 3248 constare

271 3292 459 3390 proprium
496 3291 618 3388 Epicae
648 3291 802 3364 Poeseos
837 3301 1104 3387 argumentum,
1135 3289 1199 3364 sed
1227 3317 1323 3366 verae

270 3409 355 3482 vitae
384 3407 533 3506 propius
563 3432 602 3481 se
627 3408 823 3483 admovere
835 3441 844 3495 ;
880 3433 998 3506 neque
1032 3431 1144 3506 parva
1176 3415 1232 3482 est
1261 3411 1325 3484 illa

269 3528 390 3601 Poetae
417 3529 509 3611 laus,
536 3526 688 3599 sortasse
718 3526 827 3599 etiam
855 3528 1080 3623 quorundam
1110 3527 1172 3624 qui
1200 3526 1324 3626 ipsum

273 3649 553 3731 antecesserant,
573 3649 686 3716 artem
715 3667 816 3716 suam
843 3667 865 3716 a
890 3643 1062 3741 religione
1086 3653 1125 3719 et
1148 3647 1325 3742 supersti-

272 3763 371 3835 tione
391 3761 430 3833 in
447 3761 561 3834 vitam
578 3766 616 3833 et
633 3761 760 3834 domos
778 3761 957 3834 humanas
975 3761 1176 3836 deduxisse.
1229 3761 1324 3837 Con-

273 3891 331 3952 tra
355 3879 386 3951 si
412 3879 450 3952 in
468 3878 544 3950 suis
561 3878 785 3974 temporibus
810 3876 1026 3952 immoratus
1051 3878 1172 3968 fuerit,
1191 3879 1327 3977 pariter

314 4107 326 4139 ⁶
345 4099 447 4159 Addas
457 4099 528 4159 licet
541 4096 673 4190 ejusdem
685 4097 779 4158 Phor·
818 4101 912 4170 Poet,
925 4119 952 4159 c.
968 4101 1002 4158 18
1015 4121 1023 4170 ;
1044 4101 1262 4162 Εναίοείἧωιὲε·
1272 4103 1325 4160 Co·

276 4177 359 4239 cidus
377 4178 496 4257 insigne
509 4177 600 4257 hujus
617 4177 661 4238 rei
681 4197 779 4238 exem·
819 4181 978 4250 tarenta,
1009 4199 1066 4252 2²3
1100 4183 1217 4261 Hyyim'
1243 4186 1325 4246 Poet.

276 4258 359 4338 plum
387 4258 412 4316 ai
440 4257 477 4316 de
498 4257 598 4317 fabula
624 4257 779 4337 deperdita
818 4261 1002 4338 Aaronom„
1016 4261 1037 4322 1.
1052 4261 1083 4322 ii.
1099 4281 1124 4324 c.
1140 4280 1185 4320 12.

275 4335 448 4413 conjectura
459 4336 523 4396 fiat.
566 4335 633 4396 vid.
648 4338 775 4396 Aristar.
