3058 4902
425 356 636 408 efflascrro
664 355 1020 408 meneruasacunnr.
1187 341 1255 405 371·

194 510 314 585 banda
334 517 421 585 sunt
444 534 529 584 cum
546 533 592 582 ex
617 505 697 602 ipso
723 516 831 603 poeta
848 507 908 578 vel
925 531 970 580 ex
993 506 1036 578 iis
1060 503 1123 602 qui
1148 505 1251 578 illum

194 630 311 703 secuti
345 638 433 701 sunt
463 626 569 699 nobis
599 623 740 698 Heroes
775 623 964 697 Homerici
996 622 1250 696 innotescunt:

194 747 315 842 potuit
333 755 456 818 tamen
474 742 551 816 fieri
574 743 768 816 nonnullas
791 742 986 815 earundem
1004 764 1127 814 rerum
1144 745 1255 836 atque

195 862 388 936 hominum
421 859 590 934 historias
623 861 770 932 Graecos
805 857 952 930 aliunde
982 856 1158 931 derivatas
1193 858 1255 929 ha·

194 979 339 1065 buisse;
366 979 531 1053 omnium
549 985 673 1051 autem
692 1001 848 1073 quorum
866 977 987 1074 aliqua
1015 1000 1098 1075 pars
1122 976 1168 1048 ad
1187 1000 1254 1048 nos

194 1095 361 1193 pervenit
389 1096 481 1168 mira
510 1103 565 1169 est
596 1093 798 1168 consensio.
851 1094 964 1168 Porro
994 1095 1025 1167 si
1055 1092 1093 1166 in
1123 1093 1255 1166 fabulis
1365 1163 1367 1168 .

194 1224 233 1286 et
260 1214 368 1286 rebus
396 1212 508 1307 gestis
537 1224 612 1286 tam
641 1221 833 1286 accuratus
863 1211 973 1284 fuerit
1002 1211 1189 1285 Homerus
1218 1214 1256 1280 et

194 1337 337 1405 tantam
355 1331 462 1402 lamae
485 1340 522 1404 et
539 1327 700 1402 veritatis
723 1353 848 1402 auram
866 1328 1044 1414 habuerit,
1062 1326 1188 1424 quidni
1211 1325 1255 1397 de

194 1445 360 1544 personis
385 1447 476 1542 ejuS,
501 1447 607 1543 cujus
629 1471 675 1518 ex
698 1445 766 1520 hac
788 1457 893 1542 parte
919 1447 1045 1520 eadem
1068 1454 1124 1518 est
1147 1443 1252 1530 ratio,

194 1562 292 1638 idem
312 1563 494 1661 judicium
511 1564 741 1637 laceremus?
793 1563 851 1637 De
867 1564 1016 1638 Fabulis
1036 1564 1112 1659 jam
1131 1559 1254 1656 dispu-

195 1677 404 1756 tavimusl:
432 1681 502 1755 alia
525 1680 636 1754 etiam
658 1681 800 1754 minora
822 1681 896 1754 huc
921 1680 1070 1753 faciunt.
1123 1676 1170 1750 V.
1190 1676 1254 1765 G.,

196 1821 271 1871 non
296 1802 440 1872 constat
465 1821 530 1869 cur
554 1796 593 1868 in
619 1819 724 1870 muro
744 1797 952 1870 Graecorum
970 1794 1147 1869 diruendo
1173 1799 1255 1866 tan-

196 1925 271 1988 tam
300 1937 448 2010 operam
474 1913 717 2010 absumpserit
728 1909 748 2001 ¹,
780 1913 849 1987 nisi
877 1924 919 1987 ut
946 1919 1136 1986 excusaret
1163 1935 1254 1996 sese,

195 2031 295 2128 quod
313 2031 406 2104 hane
431 2054 508 2103 rem
531 2037 664 2127 praeter
680 2031 982 2104 consuetudinem
1001 2031 1045 2103 de
1070 2054 1138 2102 suo
1155 2053 1255 2101 aom-

195 2157 342 2222 mentus
367 2146 487 2234 suerit,
506 2153 616 2244 atque
641 2147 731 2222 adeo
758 2149 859 2222 nulla
883 2149 963 2244 ejus
988 2152 1155 2221 extarent
1177 2171 1257 2217 ves·

196 2269 295 2365 tigia.
337 2267 483 2342 Tiresiae
500 2269 546 2341 ad
564 2267 733 2364 Ulyssem
753 2268 968 2342 vaticinium
985 2269 1181 2342 obscurum
1200 2271 1257 2337 est

195 2392 233 2457 et
252 2382 423 2456 ulteriore
446 2381 687 2480 explicatione
713 2382 874 2477 indiget3
906 2385 1119 2458 crediderim
1136 2383 1257 2478 itaque

195 2499 422 2576 intercidisse
453 2498 642 2572 historiam
671 2499 829 2595 aliquam
858 2501 1039 2597 adquam
1066 2500 1258 2572 suistem-

196 2618 346 2716 poribus
365 2641 491 2691 omnes
517 2615 608 2689 illud
635 2626 770 2689 norunt
789 2617 920 2690 referre
932 2615 959 2692 ¹¹.
1012 2615 1103 2690 Haec
1124 2616 1154 2688 si
1172 2640 1258 2690 vera

103 2723 107 2730 ’
197 2742 285 2810 sunt
309 2733 468 2808 hominis
493 2743 580 2806 sunt
606 2733 793 2807 historiam
821 2758 1009 2832 nunquam
1034 2741 1171 2806 temere
1197 2733 1257 2806 de·

197 2851 363 2926 serentis.
415 2851 599 2924 Intellexit
620 2875 768 2947 quoque
786 2851 898 2925 Poeta
915 2851 1150 2950 Mythologiae
1176 2876 1259 2950 por-

196 2975 311 3056 tenta,
337 2975 530 3066 postquam
555 2992 698 3041 rumore
727 2970 917 3042 hominum
944 2971 1159 3068 pervulgata
1182 2969 1258 3042 fue·

197 3086 284 3174 rint,
303 3087 382 3182 jam
405 3085 527 3159 minus
551 3085 626 3160 sore
649 3086 883 3160 incredibilia.
929 3087 969 3161 Si
993 3089 1117 3185 itaque
1139 3087 1177 3161 in
1205 3111 1257 3159 re-

198 3203 268 3277 bus
290 3203 362 3276 hoc
378 3202 522 3289 viderit,
540 3201 578 3274 in
601 3203 733 3299 quibus
757 3205 879 3279 minus
902 3213 979 3278 erat
1002 3205 1256 3291 necessarium,

198 3321 364 3426 sequitur
390 3319 429 3391 in
458 3319 623 3416 personis
657 3319 754 3394 idem
784 3346 1027 3397 conservasse.
1081 3322 1259 3396 Praeterea

199 3437 267 3511 hac
290 3439 369 3534 lege
394 3448 536 3510 servata
553 3437 694 3511 facilius
721 3449 811 3526 erat,
830 3447 940 3535 prout
963 3440 1030 3514 sibi
1054 3439 1259 3514 laciendum

198 3578 277 3628 esse
300 3553 443 3641 statuit,
462 3553 577 3627 Poeta
595 3579 769 3651 personas
788 3581 873 3630 suas
895 3560 995 3632 nulla
1018 3558 1118 3657 pn'us
1136 3556 1259 3630 habita

199 3695 345 3744 morum
358 3672 568 3744 recensione
578 3672 624 3744 ad
637 3674 818 3768 agendum
832 3677 1050 3771 producere:
1071 3675 1149 3772 jam
1163 3675 1260 3747 sama

198 3787 435 3862 innotuerant
452 3786 646 3863 lectoribus
665 3792 752 3864 suis.
807 3789 939 3888 Itaque
957 3793 1055 3890 quod
1074 3793 1118 3865 de
1139 3790 1260 3866 fabula

198 3912 235 3977 et
258 3905 337 4001 ejus
354 3905 518 4002 partibus
535 3905 650 3979 fusius
675 3908 907 4006 prosequitur
924 3907 1055 3983 Strabo
1074 3910 1119 3982 ad
1143 3931 1259 3982 mores

198 4034 278 4131 pari
305 4035 388 4130 jure
418 4039 572 4131 spectat,
602 4024 645 4106 τὸ
672 4024 796 4108 πάντα
821 4025 1003 4110 πλάττειν
1030 4029 1074 4108 οὐ
1102 4025 1261 4110 πιθανὸν

198 4151 275 4234 οὐδ’
295 4151 503 4255 Ὁμηρικόν
515 4147 533 4235 ¹.
591 4163 649 4238 Ex
674 4167 776 4238 omni
792 4167 947 4264 denique
971 4181 1073 4265 parte
1090 4167 1177 4264 quid
1203 4169 1260 4240 in-

237 4325 251 4358 '²
271 4323 343 4385 Vid.
363 4325 588 4388 Proelcctionam
615 4329 707 4405 13²¹ffl.
791 4329 805 4368 l
826 4330 887 4391 Vid
904 4333 1005 4414 Odyss.
1021 4349 1052 4396 Α.
1072 4355 1137 4403 120,
1151 4336 1204 4396 dte.

239 4403 310 4466 ¹11.
328 4419 365 4464 M.
382 4407 438 4466 sub
453 4406 549 4466 initio.
789 4411 797 4445 ¹
819 4413 928 4482 Strab„
944 4413 963 4473 l.
983 4433 1008 4474 1.
