3058 4908
373 1001 726 1100 PRAELEOTIO
769 997 1279 1118 Dnomnuonnun

359 1367 542 1442 IDIMUS
563 1368 642 1466 jem
666 1367 805 1464 inipso
829 1365 984 1440 introitu
1009 1367 1178 1440 secundae
1202 1365 1356 1463 hujusce

383 1486 496 1584 partis
514 1485 718 1582 argumenti
735 1487 862 1575 nostri,
881 1511 954 1583 qua
977 1487 1090 1558 animi
1106 1486 1358 1582 magnitudine

299 1611 408 1701 etque
434 1603 602 1677 acumine
628 1605 731 1700 operi
756 1627 824 1677 suo
851 1628 889 1676 se
914 1605 1072 1677 accinxit
1089 1603 1216 1690 Poeta,
1235 1605 1288 1676 ite
1312 1611 1357 1675 ut

300 1720 548 1794 sublimiorem
573 1728 611 1793 et
627 1721 838 1818 ampliorem
856 1720 1012 1794 Poeseos
1029 1722 1186 1818 speciem
1203 1721 1272 1796 sibi
1287 1721 1356 1794 fin-

301 1845 412 1934 geret,
440 1863 522 1934 quae
548 1862 594 1910 ex
620 1837 784 1911 Historia
808 1839 969 1911 fabulum
995 1862 1100 1911 suem
1125 1837 1358 1911 derivandam

300 1957 472 2037 sumeret,
491 1948 637 2046 propriu
653 1960 777 2024 autem
795 1957 872 2023 arte
895 1975 975 2023 eom
992 1960 1238 2046 componeret.
1292 1948 1357 2022 Vi-

300 2067 420 2140 dimus
438 2066 548 2140 etiam
565 2092 639 2163 quo
660 2066 799 2164 judicio
822 2091 868 2139 ex
891 2091 1040 2140 suorum
1057 2075 1267 2164 temporum
1282 2065 1359 2139 his-

300 2184 403 2258 toriis
429 2185 618 2266 materiam
644 2207 749 2257 suam
775 2184 1012 2281 deprompsit.
1066 2182 1279 2256 Proximum
1304 2191 1361 2256 cst

300 2301 340 2373 in
372 2301 537 2375 ulteriori
571 2302 690 2397 operis
727 2303 785 2375 sui
822 2324 1017 2398 progressu
1051 2301 1208 2376 eundem
1241 2299 1359 2398 sequi,

300 2417 432 2490 sebulae
448 2417 554 2490 istius
571 2417 897 2490 conformationem
914 2424 953 2490 et
970 2418 1129 2516 partium
1146 2418 1226 2514 ejus
1242 2416 1361 2490 distri·

300 2536 490 2608 butionem
509 2545 593 2608 ante
617 2536 743 2609 oculos
765 2560 912 2632 ponere,
933 2561 1015 2632 quse
1037 2535 1183 2632 quidem
1201 2539 1280 2608 toto
1302 2557 1361 2607 res

301 2653 347 2725 ad
378 2652 588 2725 Aristotelis
619 2651 869 2725 definitionem
902 2661 1078 2749 tanquam
1113 2653 1160 2724 od
1192 2673 1361 2724 normam

303 2769 480 2866 exigendo
507 2781 574 2858 est,
599 2772 645 2843 ad
672 2770 772 2843 illam
800 2769 880 2843 dico
911 2795 993 2867 quae
1020 2769 1066 2842 od
1092 2769 1294 2865 'lhugoediae
1323 2781 1362 2842 et

301 2886 425 2984 Epicae
442 2886 597 2960 Poeseos
615 2886 776 2960 subulam
795 2885 874 2983 pari
890 2886 964 2959 fere
982 2887 1065 2984 jure
1088 2892 1240 2983 spectat.
1293 2885 1363 2959 Est

302 3017 400 3089 enim
412 3025 579 3113 utraque,
596 3028 638 3091 ut
651 3017 767 3114 ipsius
780 3016 898 3090 verbis
911 3023 1007 3104 utor,
1020 3005 1179 3107 μίμησις
1191 3001 1364 3110 πράξεως

303 3135 512 3219 σπουδαίας
529 3139 590 3215 καὶ
606 3138 753 3221 τελείας
768 3129 926 3238 με’γεθος
945 3132 1107 3240 ἐχούσης
1117 3125 1142 3211 ⁸.

352 3260 438 3334 Jam
457 3285 544 3334 vero
565 3263 603 3334 in
626 3262 768 3336 caeteris
785 3262 943 3335 Poeseos
966 3261 1171 3357 generibus,
1189 3268 1226 3332 ct
1244 3260 1284 3332 in
1307 3283 1362 3333 re·

303 3379 373 3452 bus
385 3378 459 3450 fere
477 3381 660 3466 omnibus
675 3380 854 3475 gradatim
866 3379 914 3452 od
931 3379 1042 3452 finem
1059 3386 1277 3474 perventum
1294 3385 1362 3450 est

302 3495 496 3590 Trogoediu
512 3520 556 3568 ex
575 3497 684 3569 sacris
701 3497 848 3594 hymnis
866 3503 905 3570 et
930 3497 1051 3584 choris
1076 3493 1248 3591 Satyrieis
1264 3496 1365 3569 lente

304 3637 384 3688 sese
397 3609 607 3710 explicuitb.
634 3613 1367 3713 AuthoreThespideunupersonuouctu

304 3742 374 3818 est,
393 3737 431 3802 et
454 3729 704 3804 Dramaticem
727 3732 995 3828 quodammodo
1021 3731 1176 3804 sormam
1200 3736 1367 3803 assecuto

303 3872 369 3936 est.
422 3861 656 3960 Phrynichus
682 3869 720 3935 et
743 3863 945 3961 AEschylus
972 3862 1125 3936 eandem
1150 3855 1202 3934 sic
1225 3847 1368 3949 μύθους

303 3983 366 4060 καὶ
401 3979 503 4082 πάθη
542 3989 771 4082 (Plutarchi⁰
805 3994 915 4066 verbo
955 3997 1061 4082 sunt)
1098 3989 1364 4089 produxerunt.

341 4166 355 4195 ⁸
375 4159 503 4219 Aristot.
519 4162 619 4231 Post,
633 4163 739 4222 c.6et
753 4167 800 4222 28.
852 4166 873 4224 l.
887 4164 907 4224 i.
924 4185 950 4226 e.
969 4183 996 4222 1.
1044 4163 1109 4223 m.
1131 4163 1220 4221 etiam
1241 4159 1367 4221 saian

344 4234 358 4275 ¹³
379 4236 471 4306 Ibid,
486 4259 511 4298 o.
529 4261 557 4314 4.
853 4249 886 4306 in
899 4267 926 4305 o.
942 4249 1079 4324 Φρύνιχος.

340 4316 530 4377 ‘Plutarch
565 4321 665 4398 Symp.
694 4321 810 4390 Prool..
