3096 4886
289 279 331 342 18
607 295 820 347 remansero
841 293 1017 345 sncunnr.

287 471 351 524 ore
370 452 477 522 tenus
498 445 682 534 didicerat,
703 445 763 519 vel
787 453 979 542 poetarum
1003 437 1224 517 carminibus
1248 438 1342 514 cele·

286 564 391 639 brata
405 567 603 661 acceperat.
640 557 925 656 Quadringentis
941 557 1014 632 fere
1030 554 1135 630 annis
1150 560 1237 654 post
1251 555 1342 630 Tro·

280 675 359 772 jem
375 679 520 773 captam
536 673 606 749 alie
621 671 800 748 scribendi
814 672 908 744 ratio
924 667 1113 745 increbuit.
1148 668 1203 742 Eo
1215 673 1341 742 autem

282 815 340 865 res
370 792 526 867 deducta
552 801 621 880 est,
638 799 683 867 ut
709 788 816 864 istius
845 787 962 863 astatis
990 783 1164 860 Historici
1189 783 1229 858 in
1262 783 1339 860 suis

281 907 507 1005 temporibus
539 906 663 1004 potius
692 903 877 979 immorati
910 903 996 990 sint,
1027 925 1138 1000 quam
1170 901 1211 974 in
1243 901 1340 975 anti·

282 1023 420 1121 quitatc
447 1023 618 1098 eruenda.
670 1021 810 1096 Extant
843 1019 941 1118 apud
968 1043 1030 1094 eos
1065 1017 1219 1116 sparsim
1251 1018 1339 1092 hine

281 1136 366 1213 inde
403 1138 607 1236 colligenda
645 1163 774 1235 regum
811 1143 848 1210 et
882 1135 1017 1209 ducum
1054 1135 1215 1222 nomina,
1252 1133 1339 1208 belli

280 1267 446 1345 eventus,
460 1266 497 1332 et
513 1262 644 1332 caetera
659 1253 885 1330 istiusmodi:
914 1251 978 1327 sed
995 1252 1041 1326 de
1056 1250 1171 1325 totius
1190 1250 1338 1325 Graeeiae

280 1377 391 1462 statu,
422 1373 467 1447 de
499 1375 720 1471 populorum
746 1368 926 1446 institutis
953 1376 991 1442 et
1023 1366 1199 1454 moribus,
1226 1389 1335 1440 nemo

279 1511 406 1564 eorum
423 1489 511 1564 satis
528 1491 634 1587 plene
651 1495 689 1562 et
711 1492 880 1564 accurate
902 1483 1095 1561 eonsilium
1111 1482 1215 1559 iniit:
1243 1507 1336 1558 non-

278 1606 381 1678 nulla
403 1628 511 1702 parce
533 1604 745 1702 attigerunt,
772 1625 955 1678 summam
979 1601 1032 1674 rei
1057 1601 1232 1674 intactam
1256 1598 1336 1672 reli·

278 1726 447 1816 querunt.
500 1719 579 1795 Neo
608 1719 763 1794 veroin
788 1717 939 1814 ignobili
967 1717 1105 1815 populo
1133 1721 1172 1789 et
1198 1715 1335 1789 nullius

277 1833 456 1909 momenti
479 1833 704 1932 temporibus
723 1843 889 1908 versatur
913 1833 1037 1921 Poeta,
1055 1832 1120 1906 sed
1144 1831 1335 1906 Graiorum

277 1973 397 2025 morea
419 1957 456 2025 et
480 1949 602 2024 studia
621 1974 690 2047 pro
714 1959 928 2045 argumento
945 1948 1083 2023 habuit.
1120 1945 1196 2030 Qui
1211 1953 1335 2022 autem

276 2091 478 2165 paucorum
495 2068 701 2142 seculorum
713 2068 957 2140 decursutam
969 2063 1157 2162 magnifice
1174 2087 1253 2139 sese
1269 2087 1334 2138 ex·

276 2186 453 2272 tulerunt,
472 2190 569 2258 certe
586 2207 661 2258 non
684 2184 828 2281 indigni
843 2189 931 2259 sunt
948 2207 1105 2281 quorum
1123 2181 1280 2279 origines
1296 2191 1334 2257 et

275 2299 485 2396 primordia,
505 2307 687 2399 quantum
702 2302 781 2375 fieri
797 2305 931 2399 potest,
950 2309 1231 2398 perscrutemur.
1258 2299 1333 2374 Ve-

276 2421 433 2494 tustiora
449 2423 597 2519 quidem
618 2423 671 2496 ita
692 2424 853 2498 tenebris
871 2423 1001 2496 obruta
1023 2427 1121 2510 sunt,
1139 2429 1184 2497 ut
1200 2422 1245 2495 de
1261 2419 1334 2495 illis

275 2559 424 2634 prorsus
450 2539 715 2636 desperandum
740 2539 799 2613 sit.
850 2537 935 2614 Jam
951 2562 1039 2613 vero
1061 2537 1210 2634 aTroja
1225 2543 1333 2637 cepta

276 2653 428 2728 clariora
444 2655 712 2754 aliquantulum
724 2659 820 2731 fiunt
832 2657 955 2732 omnia
967 2663 1005 2731 et
1017 2657 1194 2745 certiora;
1217 2655 1334 2732 donce

274 2773 321 2846 ad
346 2797 389 2847 ea
413 2779 579 2873 tempora
595 2774 774 2872 gradatim
798 2775 1041 2864 deveniamus,
1061 2798 1142 2873 quae
1162 2773 1332 2849 omnibus

273 2887 462 2963 literarum
487 2891 656 2966 subsidiis
679 2897 787 2966 aucte
812 2897 900 2966 sunt
925 2897 963 2965 et
985 2890 1120 2988 adjuta
1171 2889 1332 2965 Politice

272 3005 395 3103 itaque
413 3007 586 3082 doetrinae
604 3010 775 3084 studiosis
795 3009 915 3097 istius,
934 3032 1016 3107 quac
1037 3015 1166 3105 postea
1180 3005 1329 3096 effulsit,

274 3122 486 3197 Graecorum
503 3123 624 3220 gloriae
641 3124 792 3221 vestigia
808 3148 934 3199 eruere
951 3131 989 3199 et
1005 3120 1239 3220 contemplari
1254 3145 1331 3197 non

272 3225 542 3315 infructuosum
566 3241 671 3316 foret.
724 3242 864 3317 Eadem
882 3265 940 3316 res
964 3239 1155 3316 recentiori
1180 3238 1330 3314 Graeeire

271 3355 444 3432 Historiae
459 3359 580 3433 lucem
597 3383 672 3434 non
688 3360 907 3435 mediocrem
924 3360 1089 3434 offundet
1103 3391 1114 3447 ;
1140 3381 1214 3456 quo
1232 3361 1330 3432 certa

271 3475 419 3549 nominc
441 3498 560 3573 pauca
581 3477 748 3574 quaedam
770 3477 816 3551 ad
838 3477 934 3551 hano
958 3500 1036 3550 rem
1058 3473 1259 3572 spectantia
1282 3474 1355 3548 ab.

270 3592 352 3691 ipsc
381 3593 594 3690 Thucydide
623 3593 743 3691 primo
767 3591 1017 3668 Historiarum
1043 3615 1192 3668 sumum
1217 3589 1329 3664 Libro

270 3711 457 3808 praemiesa
472 3710 663 3785 hebemus.

321 3826 440 3903 Nobis
457 3834 593 3916 antem,
612 3828 675 3924 qui
691 3824 896 3901 Homericae
913 3827 1070 3900 Poeseos
1095 3828 1264 3898 naturam
1289 3831 1328 3898 et

269 3944 517 4038 praestantiam
542 3942 790 4040 explicandam
815 3941 1052 4040 suscepimus,
1080 3941 1220 4038 optimo
1244 3939 1328 4036 jure

269 4057 348 4130 haec
364 4057 487 4131 omnia
503 4059 550 4132 ad
566 4083 720 4133 examen
742 4067 829 4132 sunt
850 4057 1062 4133 revocanda.
1116 4055 1212 4130 Cum
1228 4054 1328 4130 enim

269 4171 457 4247 Homerus
477 4175 538 4248 vel
561 4197 699 4271 paucos
714 4176 775 4249 vel
796 4176 918 4249 nullos
934 4173 1085 4249 omnino
1102 4173 1142 4248 in
1162 4195 1230 4246 sua
1249 4181 1328 4246 arte

271 4289 382 4364 duces
399 4301 436 4364 et
454 4292 644 4388 magistros
661 4290 800 4380 hebuit,
818 4299 987 4366 naturam
1008 4289 1124 4387 ipsam
1145 4286 1253 4362 unice
1271 4311 1326 4362 se·
