3058 4902
308 302 374 364 358
550 301 763 350 PnAEtncrro
793 305 1102 355 mensula-Palus.

306 464 461 536 sortasse
487 457 566 552 ejus
591 459 712 552 partes
737 478 813 526 nou
833 457 1120 551 complectamur
1135 481 1252 555 neque
1278 485 1366 556 pro-

306 577 383 675 prio
412 576 450 648 iu
482 577 561 646 loco
591 595 781 669 ponamus.
833 571 943 644 Certe
973 573 1074 646 nullo
1101 575 1223 647 studio
1259 576 1365 650 nulla

306 707 384 770 arte
419 695 496 767 haec
532 691 693 788 quotidie
727 691 841 762 fiunt:
880 691 944 763 has
979 716 1087 764 voces
1116 701 1248 767 natura
1280 695 1363 792 ipsa

305 823 437 910 sponte
457 809 627 904 suggerit.
681 806 884 880 Subseeuta
900 815 956 880 est
978 807 1091 902 igitur
1108 809 1201 884 hanc
1218 819 1361 886 naturae

303 927 583 1026 propensionem
615 924 738 997 Poesis
772 931 810 995 et
843 925 880 996 iu
911 949 997 998 suos
1029 951 1117 998 usus
1144 929 1356 1002 transtulit:

304 1046 395 1119 vidit
422 1046 490 1118 hoe
516 1043 666 1116 artificio
694 1041 780 1114 dum
809 1041 898 1114 illud
927 1049 1072 1115 tantum
1098 1044 1184 1116 mali
1213 1044 1360 1120 intersit

306 1163 402 1258 quod
427 1157 733 1233 verisimilitudini
757 1157 954 1230 satisfaciat
980 1159 1112 1232 rectius
1138 1184 1177 1232 se
1199 1163 1360 1235 excitare

304 1303 411 1374 posse
437 1283 595 1350 mentem
621 1275 817 1348 humanam
836 1281 874 1347 et
899 1274 1033 1367 erigere
1059 1276 1105 1348 ad
1125 1276 1269 1350 virtutis
1294 1280 1359 1352 ho

189 1462 203 1480 ,
305 1397 455 1470 aestatis
475 1402 512 1468 et
535 1391 812 1490 pulchritudinis
830 1391 1196 1489 contemplationem:
1229 1395 1361 1470 contra

305 1514 432 1585 eodem
459 1511 609 1583 artificio
634 1509 712 1581 vitii
742 1507 1004 1604 turpitudinem
1032 1511 1214 1584 coloribus
1240 1513 1359 1608 magis

303 1629 393 1701 vivis
424 1627 568 1725 depingi
598 1650 705 1722 posse
735 1636 772 1697 et
802 1625 991 1696 hominum
1023 1627 1206 1700 mentibus
1234 1631 1356 1725 objici.

303 1745 360 1818 lta
378 1747 465 1819 dum
491 1770 512 1818 a
539 1767 664 1816 severa
688 1741 889 1816 imitatione
915 1743 1106 1837 paululum
1126 1744 1300 1832 deflectit,
1319 1761 1357 1820 et

303 1869 538 1959 temperatam
567 1860 746 1957 quandam
775 1859 958 1931 licentiam
981 1860 1123 1932 nonde
1152 1885 1249 1934 novo
1272 1889 1356 1960 pro

302 1981 412 2050 latam
443 1980 505 2050 sed
535 2003 580 2050 ex
608 1983 738 2050 natura
766 1988 803 2048 et
833 2001 900 2048 usu
928 1976 1158 2074 desumptam
1188 1993 1355 2076 usurpat,

302 2093 448 2165 virtutis
465 2094 679 2166 nobiliorem
697 2101 734 2165 et
747 2093 826 2165 vitii
845 2093 960 2188 magis
978 2094 1141 2167 odiosam
1159 2095 1355 2191 imaginem

301 2211 460 2296 conficit,
480 2235 552 2305 quo
579 2208 693 2306 magis
718 2211 813 2283 intra
839 2234 906 2282 nos
932 2235 1051 2282 acrem
1079 2212 1208 2284 harum
1234 2239 1354 2286 rerum

301 2363 447 2411 sensum
466 2349 649 2435 provocet.
705 2338 793 2410 llaec
810 2346 865 2411 est
891 2340 952 2410 illa
974 2339 1130 2413 imitatio
1147 2328 1358 2426 βελτιόνων

302 2481 375 2554 qua
391 2457 542 2552 Tragica
559 2465 595 2528 et
606 2455 720 2552 Epica
732 2455 856 2528 Poesis
874 2456 910 2527 in
927 2463 1070 2527 tantum
1087 2480 1165 2528 sese
1182 2457 1353 2531 efferunt.

302 2575 448 2648 Scilicet
474 2575 511 2646 in
534 2573 742 2646 uuiversum
769 2586 892 2645 earu'm
919 2597 1012 2669 opus
1037 2583 1092 2646 est
1118 2583 1279 2647 mentem
1305 2577 1353 2648 ad

300 2694 387 2765 boni
406 2703 441 2764 et
460 2691 606 2763 honesti
623 2691 792 2762 notitiam
812 2690 965 2785 dirigere
981 2698 1019 2763 et
1040 2691 1165 2764 inillis
1183 2692 1352 2788 pulcher

300 2812 401 2882 rimis
433 2809 558 2880 formis
594 2808 884 2904 contemplandis
914 2807 1019 2880 unice
1053 2817 1268 2905 occupatam
1299 2819 1353 2882 te

297 2952 395 3014 nere,
421 2935 600 3023 quatenus
625 2951 689 3022 per
713 2932 880 2999 naturam
900 2939 937 2998 et
961 2925 1149 2999 veritatem
1166 2927 1244 2999 ficri
1267 2953 1352 3023 pos-

295 3045 364 3131 sit;
393 3068 538 3118 necesse
562 3052 619 3116 est
636 3043 733 3117 enim
751 3044 887 3140 aliquid
905 3043 1183 3139 temperamenti
1199 3069 1245 3116 ex
1262 3071 1352 3118 con-

294 3161 405 3234 traria
431 3167 533 3256 parte
559 3161 742 3234 interesse.
797 3159 897 3233 Nihil
923 3160 1022 3232 aliud
1042 3161 1123 3232 vult
1140 3159 1352 3236 Aristotelis

295 3290 534 3376 praeceptum,
562 3278 687 3350 Mores
713 3279 828 3350 bonos
854 3301 932 3349 esse
957 3287 1147 3374 oportere;
1182 3291 1350 3374 oportere

294 3421 356 3469 eos
377 3396 548 3468 nimirum
577 3394 612 3466 in
634 3393 842 3468 universum
860 3419 901 3466 ex
930 3395 1170 3490 praestantiori
1193 3420 1261 3468 sua
1277 3397 1349 3468 vir-

295 3523 374 3586 tute
393 3513 537 3584 laudem
557 3523 719 3584 nostram
732 3518 769 3583 et
786 3510 1060 3584 admirationem
1073 3513 1240 3586 excitare.
1272 3512 1347 3584 Ne-

293 3654 394 3702 cesse
417 3630 486 3702 erit
512 3652 785 3724 nonnunquam,
806 3653 879 3724 quo
906 3634 944 3700 ct
963 3629 1117 3702 varietas
1143 3630 1209 3701 fiat
1233 3638 1271 3701 et
1298 3630 1348 3700 fa-

293 3748 379 3819 bula
411 3747 545 3818 rectius
576 3747 800 3842 expediatur,
829 3770 1001 3840 personas
1031 3769 1142 3842 prave
1177 3753 1347 3832 moratae,

293 3866 418 3961 quales
440 3873 528 3936 sunt
552 3864 654 3960 proci
673 3861 860 3935 Homerici
887 3873 924 3934 et
941 3863 1147 3958 AEgysthus
1163 3862 1349 3959 Tragicos,

293 3981 330 4054 iu
359 4005 505 4054 scenam
527 3980 708 4077 prolerre;
744 3981 806 4052 sed
833 3979 1020 4076 pauciores
1041 3979 1116 4054 sint
1143 3986 1182 4054 et
1206 3979 1349 4052 iuferio-

292 4124 370 4170 rem
398 4101 520 4171 locum
542 4103 741 4194 occupent:
765 4121 924 4169 necesse
950 4096 1019 4168 erit
1044 4095 1181 4193 aliquid
1205 4095 1286 4168 vitii
1312 4105 1350 4168 et

295 4215 462 4288 humanae
488 4215 746 4287 imbecillitatis
777 4214 947 4288 omnibus
977 4213 1148 4300 tribuere,
1180 4214 1348 4286 neultra

293 4339 461 4403 naturam
478 4339 515 4404 et
532 4334 639 4404 fidem
658 4357 802 4405 omnem
822 4343 957 4406 temere
974 4355 1228 4428 assurgamus;
1255 4355 1344 4426 prae·
