3058 4908
304 361 370 422 212
605 367 819 418 namurcum
840 367 1067 418 nuonncrrrn.

303 517 399 614 fugae
421 543 547 593 amans
573 524 609 591 et
634 519 832 592 arctiorum
848 518 1024 592 Veritatis
1042 517 1273 593 vinculorum
1293 520 1360 590 im-

306 637 456 732 patiens,
509 636 651 710 Unicus
685 636 759 708 fere
788 635 981 721 Miltonus‚
1014 636 1135 711 Sacrae
1166 637 1360 734 Scriptura

303 754 496 829 sublimem
529 756 631 828 illam
658 736 789 827 Poesin
821 777 903 850 quae
932 756 1031 827 ultra
1059 755 1239 829 humanas
1264 755 1360 829 vires

302 873 460 967 assurgit
486 878 572 944 ante
602 871 728 944 oculos
757 870 907 955 habens,
938 859 1096 944 tentavit
1125 872 1211 968 quid
1242 873 1360 970 possit

302 994 459 1086 augusta
492 1011 592 1083 purae
626 985 811 1082 religionis
841 987 992 1082 species,
1023 1011 1142 1084 neque
1170 987 1271 1061 illam
1300 987 1361 1062 de.-

299 1103 519 1190 honestavit‚
537 1127 747 1200 quanquam
764 1109 801 1176 et
821 1102 898 1199 ipse
915 1102 954 1174 in
971 1103 1111 1176 fabulas
1128 1113 1209 1177 tum
1226 1103 1360 1188 veteris

300 1231 382 1294 tum
404 1245 507 1294 novae
533 1217 801 1316 superstitionis
824 1243 1089 1316 nonnunquam
1112 1219 1303 1307 delabitur,
1322 1227 1362 1294 et

298 1336 338 1410 in
362 1336 562 1410 minoribus
587 1337 664 1410 suis
687 1335 856 1431 operibus
880 1335 1042 1410 studiose
1064 1346 1174 1433 atque
1192 1337 1361 1435 pulcher-

298 1456 387 1530 rime
421 1457 501 1529 illas
534 1462 680 1556 tractat.
744 1455 885 1529 Habuit
921 1462 1046 1528 autem
1079 1454 1360 1530 Neoterioomm

299 1573 508 1669 superstitio
526 1572 616 1645 illud
634 1595 717 1644 cum
734 1570 883 1666 antiqua
899 1594 1106 1658 commune,
1121 1571 1219 1670 quod
1236 1574 1359 1671 plures

227 1733 232 1739 -
297 1686 396 1761 Deos
424 1689 482 1762 vel
512 1689 639 1761 saltem
668 1685 739 1759 Dei
772 1686 957 1760 ministros
991 1687 1128 1784 ubique
1158 1697 1358 1786 praesentes

298 1809 453 1900 utraque
479 1809 666 1900 agnoscat,
696 1803 787 1876 adeo
814 1811 858 1876 ut
885 1803 1038 1900 singula
1066 1805 1194 1878 mundi
1222 1815 1356 1903 partes,

299 1920 451 2016 singulae
486 1920 641 2017 denique
675 1919 787 1992 animi
820 1927 858 1994 et
892 1921 1053 2018 corporis
1088 1922 1292 2009 facultates,
1319 1931 1359 1996 et

297 2038 458 2111 actiones
476 2037 586 2110 etiam
604 2035 773 2110 humanae
791 2060 858 2110 sua
870 2039 1024 2110 numina
1039 2038 1207 2140 babeant.
1248 2040 1358 2135 Apud

300 2153 446 2227 Graecos
469 2153 580 2226 etiam
607 2152 788 2227 furtorum
815 2163 851 2227 et
879 2155 1057 2227 scelerum
1082 2163 1168 2228 sunt
1194 2155 1356 2242 numina,

297 2271 388 2344 adeo
422 2276 465 2343 ut
500 2272 653 2367 “major
689 2269 849 2344 caelitum
888 2295 1064 2370 numerus
1101 2273 1212 2344 etiam
1247 2297 1357 2368 quam

296 2387 490 2461 hominum
508 2385 662 2484 intelligi
679 2384 835 2484 possit.'’
870 2386 949 2485 Ipsi
966 2388 1077 2461 etiam
1096 2388 1227 2486 Superi
1245 2412 1358 2486 saepe·

297 2529 449 2578 numero
466 2503 560 2578 inter
578 2503 745 2578 homines
762 2505 898 2577 versari
921 2514 958 2578 et
982 2503 1182 2580 humanam
1201 2503 1357 2602 speciem

296 2621 444 2696 induere
461 2621 670 2695 serebantur
685 2651 748 2694 :—

459 2792 509 2848 ant
522 2813 551 2845 τε
565 2791 621 2846 θεοὶ
635 2791 762 2860 ξείνοισιν
774 2791 887 2850 tantm
899 2792 1077 2849 ἀλλοδαποῖσι

455 2892 580 2944 Ποντοῖοι
592 2889 743 2946 τελέθοντες
756 2887 948 2962 ἐπιστρωφῶσι
960 2893 1063 2958 troipas

455 2984 613 3058 ’Δνθρῶτον
626 2983 705 3059 ὕβριν
716 3007 745 3040 τε
758 2988 801 3040 καὶ
814 2985 933 3056 εὐνομίην
946 2988 1124 3059 ε’φορόντεε“.

298 3131 392 3202 Sunt
423 3129 533 3201 etiam
562 3129 659 3225 apud
688 3129 900 3203 Neotericos
934 3153 1001 3203 sua
1029 3127 1179 3202 numina
1209 3153 1291 3226 quae
1319 3143 1358 3202 et

296 3253 416 3350 sylvas
434 3262 471 3326 et
490 3252 595 3325 lucos
612 3253 791 3338 incolunt,
809 3277 891 3350 quae
916 3252 955 3325 in
971 3254 1086 3326 bonas
1104 3254 1161 3326 vel
1187 3253 1225 3325 in
1243 3256 1358 3328 malas

294 3395 353 3444 res
378 3371 596 3469 propellant,
615 3395 696 3466 quae
714 3372 773 3442 vel
798 3371 836 3443 in
862 3371 1031 3444 secundis
1048 3372 1106 3443 vel
1131 3369 1169 3442 in
1195 3371 1358 3446 adversis

294 3489 404 3562 rebus
422 3513 461 3561 se
477 3487 630 3561 comites
648 3489 843 3582 praebeant.
885 3487 942 3560 Ex
961 3488 1062 3562 omni
1079 3487 1235 3584 denique
1252 3500 1358 3585 parte

295 3603 469 3678 Numinis
494 3604 685 3703 praesentia
702 3614 739 3678 et
764 3603 945 3700 religionis
962 3611 1118 3678 terrores
1142 3604 1266 3678 animo
1290 3607 1357 3679 ob-

290 3722 619 3821 jiciuntur—baud
650 3724 730 3795 leve
760 3729 857 3794 certe
884 3723 923 3795 in
948 3723 1021 3796 ista
1046 3729 1122 3795 arte
1152 3722 1358 3796 subsidium

295 3867 378 3938 quoe
394 3841 594 3918 alliciendis
620 3851 656 3915 et
681 3841 934 3939 permovendis
961 3841 1152 3915 hominum
1170 3841 1360 3915 mentibus

294 3983 443 4054 operam
461 3959 534 4033 dat.
585 3957 655 4031 Sed
674 3966 717 4031 ut
734 3957 780 4030 ad
796 3964 1056 4054 argumentum
1072 3957 1230 4031 redeam.
1274 3956 1358 4031 Ma-

294 4077 425 4150 teriam
455 4101 565 4174 quam
599 4075 855 4174 descripsimus
885 4075 937 4149 ita
970 4075 1117 4172 collegit
1143 4087 1180 4148 et
1207 4075 1361 4150 refinxit

294 4191 493 4282 Homerus,
510 4198 554 4266 ut
574 4192 653 4289 jam
670 4192 716 4266 ab
742 4191 812 4266 boc
828 4197 995 4290 tempore
1019 4193 1059 4265 in
1083 4215 1218 4289 corpus
1236 4193 1360 4290 quod-

693 4399 707 4421 ¹²
730 4389 830 4468 Odysa.
847 4403 873 4449 P.
889 4393 954 4464 485.
