3096 4886
302 289 346 350 84
631 316 845 366 rumsaorro
868 319 1014 378 QUINTA.

301 485 419 558 neque
440 459 586 534 Alcinoi
612 483 740 532 aureos
766 467 897 532 canes·
912 459 1016 531 aliter
1041 452 1269 552 interpretari
1294 481 1357 528 ve·

300 577 379 665 lim,
397 601 509 675 quam
527 576 625 674 quod
642 575 773 650 sabulae
790 581 878 648 sunt
897 574 1003 647 istius
1019 573 1149 658 aetatis,
1167 597 1247 669 quae
1265 596 1356 645 nou·

302 694 391 766 dum
409 693 497 767 satis
515 693 615 766 hisce
632 693 740 764 rebus
758 690 973 764 adsueverit.
1024 687 1156 785 Neque
1172 686 1271 762 aliud
1288 687 1358 761 sibi

302 811 432 883 volunt
444 809 514 882 illae
528 833 609 905 quae
621 808 719 906 apud
732 806 936 881 Historicos
954 815 1205 879 memorantur
1216 803 1357 876 Daedali

303 925 478 1021 imagines
496 925 672 1022 spirantes
683 923 711 998 δ.
751 925 865 1021 Apud
882 923 1047 998 homines
1064 921 1221 996 incultos
1238 920 1356 1019 siquid

303 1041 487 1139 exquisitae
512 1043 601 1115 artis
625 1041 672 1114 sit
697 1041 862 1138 prodigio
887 1041 1042 1114 habetur
1053 1071 1063 1128 3
1095 1040 1193 1113 unde
1219 1039 1358 1111 lactum

303 1169 360 1233 est
376 1163 422 1232 ut
438 1158 604 1232 omnium
627 1158 701 1231 sere
727 1158 861 1230 artium
884 1157 985 1254 origo
1009 1181 1054 1229 ex
1076 1154 1205 1230 mediis
1227 1153 1358 1226 fabulis

305 1276 465 1348 eruenda
481 1277 540 1348 sit.
595 1275 752 1348 Easdem
773 1281 900 1348 eontra
917 1299 990 1370 quo
1007 1271 1122 1368 magis
1139 1271 1271 1345 subulis
1294 1271 1357 1344 ob·

303 1401 488 1488 teguntur,
507 1416 551 1465 eo
569 1389 698 1487 origini
715 1415 790 1464 snae
806 1391 996 1486 propiores
1014 1413 1093 1462 esse
1108 1388 1244 1484 judico.

325 1569 329 1576 .
355 1508 493 1581 Eadem
505 1531 587 1605 quae
603 1508 641 1580 in
658 1507 796 1580 eaeteris
813 1507 951 1580 artibus
969 1507 1122 1602 simplex
1140 1511 1178 1576 et
1194 1502 1359 1576 inornata

304 1625 409 1712 ratio,
430 1626 467 1698 in
493 1625 555 1697 illa
577 1625 689 1697 etiam
705 1625 865 1698 cernitur
883 1649 964 1721 quae
990 1625 1028 1696 in
1051 1621 1209 1697 aedifioiis
1233 1629 1271 1694 et
1292 1622 1357 1694 do-

305 1741 426 1813 mibus
443 1741 650 1814 extruendis
667 1748 843 1815 versatur.
889 1741 1002 1826 Quod
1019 1741 1071 1813 rei
1087 1765 1197 1814 usum
1215 1739 1359 1828 attinet,

306 1857 394 1929 satis
412 1856 526 1953 perite
544 1857 688 1952 singula
708 1859 933 1931 ordinabant.
978 1855 1120 1932 Domus
1147 1858 1226 1952 ipsa
1242 1855 1359 1929 thala-

304 1971 373 2046 mis
404 1974 547 2047 abunde
575 1973 755 2048 instructa
784 1981 862 2048 erat
873 1981 896 2044 ⁰.
953 1975 1086 2047 Aulam
1115 1974 1225 2047 etiam
1255 1996 1359 2046 suam

305 2089 507 2163 subdialem
523 2115 629 2164 muro
651 2090 809 2164 cinctam
833 2091 972 2180 habuit,
991 2113 1109 2188 neque
1126 2092 1250 2164 deerat
1274 2088 1359 2162 aedi-

304 2215 388 2290 ficio
415 2216 589 2304 soliditas,
619 2224 806 2292 exstructo
833 2214 994 2292 scilieetl
1018 2212 1188 2314 ῥυτοῖσιν
1216 2206 1360 2289 λάεσσι

306 2334 597 2441 κατωρυχέεσο’.
635 2344 921 2421 Architectonici
938 2348 1085 2420 interim
1102 2352 1253 2420 ornatus
1271 2346 1361 2420 nihil

304 2460 519 2558 quicquam;
545 2463 616 2534 nisi
633 2463 727 2536 forte
743 2464 906 2562 porticus
923 2465 1011 2538 istas
1029 2464 1075 2537 ab
1089 2465 1251 2537 Homero
1267 2463 1359 2536 eele-

303 2579 426 2652 brutas
449 2579 520 2653 hoo
536 2578 646 2654 titulo
670 2579 899 2654 cohonestari
916 2581 1017 2654 velis.
1069 2579 1247 2654 Nondum
1264 2585 1360 2654 oerte

304 2693 340 2766 in
359 2719 430 2796 usu
447 2704 526 2768 eret
549 2719 592 2768 ea
609 2702 689 2792 quae
715 2720 757 2769 ex
776 2697 889 2770 totius
906 2697 1010 2784 facie,
1029 2707 1065 2770 et
1091 2707 1176 2793 apta
1200 2696 1360 2794 partium

304 2810 400 2884 inter
418 2836 458 2886 se
481 2811 718 2910 dispositione
738 2813 923 2886 suboritur
945 2812 1132 2909 elegantia.
1186 2813 1361 2887 Nondum

305 2927 441 3002 Dorica
468 2938 534 3002 aut
557 2927 681 3002 Ionica
703 2939 779 3002 arte
804 2929 985 3004 fabricatae
1002 2932 1203 3018 columnae;
1231 2955 1277 3005 ne
1296 2954 1361 3003 vo-

306 3045 478 3117 cabulum
496 3045 642 3141 quidem
656 3046 754 3141 apud
766 3046 918 3120 Poetem
932 3047 1094 3121 invenias
1108 3079 1117 3134 ;
1139 3047 1200 3145 qui
1220 3044 1250 3119 si
1267 3047 1362 3121 sorte

307 3160 352 3232 de
379 3159 520 3234 aedifioii
547 3162 737 3257 splendore
759 3165 870 3237 verba
898 3164 1008 3252 facit3
1038 3187 1147 3237 aurea
1172 3173 1236 3238 aut
1261 3187 1361 3236 aenea

308 3277 493 3372 laquearia
523 3283 562 3349 et
585 3276 741 3373 parietes
768 3303 858 3354 auro
881 3292 1029 3355 ornatos
1059 3287 1239 3354 memorat
1251 3312 1261 3367 ;
1295 3287 1363 3353 aut

307 3403 487 3499 laquearis
504 3403 618 3500 ipsius
636 3405 877 3497 altitudinem,
898 3395 1085 3505 ὑψερεφὲς
1105 3397 1204 3500 μέγα
1222 3403 1359 3500 δῶμαῑ.

307 3518 399 3593 Haee
415 3519 656 3596 Telemachus
674 3523 854 3598 attonitus
871 3520 1110 3622 suspiciebat‘
1121 3555 1181 3596 :-

470 3693 579 3764 Φρᾶζοο,
594 3691 751 3764 Νεστορίδη,
765 3695 802 3766 τῷ
816 3691 865 3768 ’μᾷ
879 3691 1049 3764 κεχορισμίκ
1064 3690 1144 3768 θυμῷ,

471 3792 577 3844 Χαλκοῦ
590 3810 619 3842 rs
634 3789 764 3858 στεροπὴν
778 3790 842 3843 rturd
856 3788 961 3859 teporo
974 3785 1086 3859 ἦχῆεπο

465 3889 573 3959 Χρυσοῦ
586 3885 618 3950 r',
633 3882 760 3958 ἠλέκτρου
772 3908 810 3950 τε,
825 3887 867 3941 καὶ
879 3883 1004 3958 ἀργύρου,
1018 3882 1059 3953 ἧδ’
1074 3883 1228 3956 ἐλέφαντος.

348 4066 430 4127 ’οἆ
447 4081 482 4127 Η.
498 4093 541 4143 ⁹¹·
895 4068 966 4146 ⁸¹11.
981 4081 1010 4128 Ζ.
1025 4093 1083 4140 24¹.

348 4143 464 4205 '’Diod.
488 4144 592 4216 Siout,
611 4148 633 4208 l.
656 4146 695 4208 iv.
718 4167 744 4210 ο.
767 4161 815 4223 7⁶3
892 4148 904 4182 ‘¹
930 4149 984 4208 Od.
999 4163 1028 4208 z.
1043 4158 1087 4222 ⁶2·

309 4225 438 4285 Aristot.
450 4226 537 4287 Polit
548 4271 556 4294 ,
567 4225 587 4285 l.
602 4227 624 4287 i.
638 4247 664 4289 ο.
679 4252 695 4298 ⁴
704 4252 712 4296 ς
735 4227 816 4291 Plat.
896 4239 909 4268 ‘
925 4228 980 4286 Od.
996 4241 1031 4286 H.
1047 4251 1105 4302 ²²5-

310 4305 398 4378 Μαι,
896 4305 976 4366 ¹Od.
993 4321 1024 4367 Δ.
1041 4331 1081 4386 71.
