3058 4908
469 359 685 412 rmnaorro
708 359 987 426 necrus-surra.
1186 351 1250 420 267

202 537 242 586 se
259 512 406 586 haberet
430 517 468 586 et
490 536 607 586 unum
624 520 783 608 systema
799 481 1017 608 compleret:
1046 512 1092 585 ad
1108 517 1251 586 utrum-

202 655 273 728 que
303 630 568 704 conficiendum
602 654 647 702 ex
682 627 833 702 historia
866 629 1026 704 fabulam
1055 653 1160 704 suam
1191 631 1250 705 de·

202 747 372 846 sumpsit,
403 754 442 822 et
475 772 520 821 ex
549 747 612 820 illa
640 746 817 820 universae
846 747 1006 822 historiae
1041 761 1144 844 parte
1170 773 1251 845 quae

201 865 296 940 inter
320 873 469 940 remotae
494 864 721 962 antiquitatis
751 865 916 940 tenebras
943 878 980 941 et
1006 890 1110 940 suam
1136 866 1250 964 ipsius

202 994 345 1058 aetatem
370 985 490 1057 media
518 983 784 1058 intercedebat:
814 1008 859 1056 ex
892 985 955 1058 illo
982 983 1091 1059 etiam
1117 996 1250 1060 eventu

202 1101 264 1198 qui
290 1101 430 1199 inipso
455 1107 538 1175 ortu
564 1126 631 1175 suo
656 1106 773 1174 totam
791 1099 971 1174 Graeciam
998 1108 1247 1198 occupaverat,

202 1241 288 1292 mox
314 1221 463 1293 eandem
481 1243 547 1316 per
563 1219 699 1292 multos
725 1242 840 1292 annos
866 1230 1084 1306 exercuerat,
1103 1244 1145 1294 ac
1167 1220 1250 1294 dein

200 1334 250 1410 ita
264 1343 401 1410 statum
414 1337 492 1434 ejus
506 1342 748 1422 concusserat,
763 1346 806 1410 ut
818 1361 900 1410 eum
914 1339 1018 1434 quasi
1036 1339 1246 1435 refingeret:

200 1452 288 1550 quin
318 1462 356 1528 et
389 1479 434 1528 ex
465 1454 687 1550 temporibus
716 1453 867 1550 periculi
901 1464 938 1528 et
972 1457 1249 1530 concertationis

200 1569 329 1667 plenis,
348 1577 385 1645 et
412 1571 582 1668 primaeva
607 1595 752 1644 morum
769 1571 1000 1668 simplicitate
1027 1573 1249 1669 conspicien-

199 1687 265 1762 dis.
320 1688 412 1763 Haec
440 1688 552 1786 igitur
578 1695 616 1762 et
642 1687 746 1762 Iliadi
775 1699 812 1762 et
840 1687 1014 1786 Odysseae
1042 1691 1250 1766 communia

199 1802 320 1879 sunit
375 1805 417 1878 In
443 1807 556 1880 Iliade
583 1815 706 1879 autem
732 1805 771 1878 in
798 1807 950 1903 publicis
979 1831 1127 1881 suorum
1156 1818 1249 1881 tem·

197 1947 329 2019 porum
348 1924 455 1998 rebus
473 1933 510 1997 et
535 1925 574 1997 in
590 1923 703 2002 totius
730 1925 858 2022 populi
883 1925 1046 2022 periculo
1065 1935 1102 1998 et
1117 1926 1248 2000 labori-

197 2041 267 2116 bus
285 2046 460 2115 versatur.
492 2040 535 2113 ln
553 2040 719 2139 Odyssea
736 2042 782 2115 ad
798 2043 978 2140 privatam
994 2041 1116 2140 potius
1133 2043 1249 2118 vitam

198 2181 237 2231 se
266 2159 416 2248 confert,
446 2158 509 2233 ubi
538 2160 658 2258 siquid
688 2173 742 2234 est
771 2159 919 2258 periculi
952 2167 1016 2234 aut
1044 2161 1176 2236 laboris
1203 2163 1248 2235 ad

198 2301 314 2350 unum
342 2276 460 2349 virum
490 2286 554 2351 aut
584 2277 756 2351 familiam
785 2283 850 2350 aut
880 2280 1007 2352 saltem
1037 2280 1082 2353 ad
1113 2303 1248 2378 paucos

197 2396 364 2490 pertinet.
418 2394 540 2493 Atque
578 2419 623 2468 ex
660 2395 729 2469 hac
764 2395 967 2470 differentia
999 2403 1129 2471 caetera
1161 2422 1246 2495 pro-

197 2511 329 2586 fluunt.
381 2513 479 2586 Hinc
496 2513 533 2585 in
551 2512 663 2586 Iliade
680 2511 907 2610 grandiorem
924 2527 961 2587 et
980 2515 1094 2610 magis
1112 2515 1248 2588 elatum

197 2632 334 2727 stylum
351 2632 474 2718 habes,
493 2633 689 2705 affectuum
705 2631 940 2705 vehementes
964 2638 1100 2719 motus,
1118 2640 1157 2705 et
1178 2634 1247 2706 fer·

196 2771 279 2822 vore
297 2749 420 2822 omnia
443 2750 644 2833 eoncitata3
671 2747 781 2821 habes
805 2749 960 2844 denique
978 2747 1121 2822 Martiae
1144 2753 1247 2847 quasi

196 2867 296 2940 tubae
322 2867 494 2956 sonitum,
514 2867 603 2941 adeo
624 2871 667 2938 ut
692 2866 790 2939 istud
817 2890 909 2962 opus
929 2871 952 2902 “
967 2867 1081 2940 otiose
1106 2892 1149 2942 ae
1175 2869 1246 2941 leni

196 3008 285 3058 voce
302 2988 482 3082 perlegere
508 2985 644 3058 frustra
661 2987 820 3081 speres.’'
872 2984 915 3057 In
934 2983 1099 3082 Odyssea
1121 2993 1248 3060 contra

195 3101 415 3176 remissiores
433 3113 470 3176 et
486 3102 668 3176 molliores
685 3104 849 3189 affectus,
870 3103 1076 3176 domesticae
1093 3128 1245 3178 consue-

196 3218 333 3292 tudinis
362 3221 591 3306 suavitatem,
619 3226 656 3294 et
685 3219 799 3293 civilis
827 3219 910 3293 vitae
939 3245 1116 3293 normam.
1170 3221 1248 3296 Nec

196 3358 282 3407 vero
300 3334 402 3408 sacile
420 3335 580 3432 requires
593 3334 696 3432 Epici
713 3333 881 3408 carminis
900 3336 1147 3432 majestatem;
1172 3362 1246 3410 non

196 3451 294 3524 enim
311 3451 484 3549 Ulyssem
509 3477 618 3526 suum
641 3452 790 3526 unicum
815 3451 900 3526 licet
926 3455 1076 3526 seorsim
1102 3459 1140 3526 et
1165 3452 1245 3526 soli·

194 3569 325 3642 tariam
359 3570 472 3649 vitam
506 3577 673 3666 agentem
707 3569 955 3665 repraesentari
987 3571 1077 3654 vult,
1109 3579 1146 3643 et
1180 3593 1247 3643 sua

194 3690 341 3759 tantum
364 3687 403 3759 in
421 3710 575 3784 persona
598 3685 843 3782 spectabilem,
863 3687 926 3758 sed
949 3685 1042 3758 inter
1058 3684 1147 3758 alios
1164 3711 1244 3758 ver-

123 3809 125 3814 ’
195 3813 337 3877 sautem
354 3809 392 3877 et
416 3804 454 3877 in
476 3806 739 3878 communitate
756 3803 839 3876 vitae
864 3803 1001 3877 meritis
1027 3812 1064 3876 et
1090 3803 1244 3910 fortunis

195 3920 270 3994 suis
295 3921 539 4018 principatum
566 3921 772 4007 habentem,
798 3944 871 3993 non
897 3921 1082 3994 hominem
1108 3923 1171 3994 sed
1196 3924 1244 3996 ci-

194 4061 289 4112 vem.
343 4037 473 4136 Itaque
498 4039 543 4112 ad
576 4063 699 4111 veram
729 4040 829 4111 illam
858 4037 1015 4111 Ethieen
1041 4063 1079 4111 se
1105 4039 1244 4114 confert

195 4181 276 4252 quae
303 4157 523 4231 dominantis
550 4168 604 4230 est
623 4165 658 4229 et
676 4155 978 4229 Architeetonicae
1001 4157 1169 4245 seientiae,
1189 4169 1242 4232 at·

193 4299 263 4373 que
290 4273 380 4349 adeo
404 4275 571 4349 Politiees
598 4273 732 4370 speeies
758 4274 935 4370 quaedam,
955 4299 1040 4347 cum
1065 4275 1242 4372 privatam

534 4413 546 4447 θ
565 4413 634 4474 Vid.
651 4413 744 4473 Proel.
766 4420 843 4488 130r
861 4432 904 4488 ¹4·
