3096 4886
542 343 755 392 rnmrrcrro
775 341 927 402 conara,
1179 353 1183 364 .
1222 315 1266 380 69

209 492 353 589 Ulyssis
380 491 427 564 ad
453 489 672 562 Parnassum
701 485 829 559 itinere
856 486 1014 558 venandi
1048 485 1161 583 gratia
1189 511 1266 559 sus·

208 616 330 705 cepto,
360 631 470 704 quam
497 606 535 677 in
566 602 815 701 frequentibus
845 601 1023 698 parabolis
1051 627 1095 676 ex
1126 605 1194 676 hac
1228 628 1266 676 re

208 724 344 822 petitis.
396 723 517 796 Etiam
534 723 656 795 fabula
668 721 713 793 de
731 721 799 792 hac
816 743 854 791 re
868 719 976 813 digna
988 725 1044 792 est
1058 744 1168 816 quam
1180 743 1266 793 con-

210 843 343 928 sulase,
364 838 515 912 Chironi
541 839 587 910 ab
614 835 785 932 Apolline
812 841 851 907 et
874 833 993 908 Diana
1020 835 1115 908 dono
1144 835 1266 908 datam

209 971 290 1030 esse·
314 958 411 1030 hanc
438 961 565 1040 artem,
585 963 622 1026 et
649 977 694 1026 ex
720 951 818 1024 illius
845 950 1035 1048 disciplina
1062 976 1128 1048 per
1150 957 1267 1024 totam

210 1071 389 1145 Graeciam
407 1075 654 1168 propagatam.
708 1068 846 1141 Eadem
868 1067 940 1140 fere
963 1069 1135 1141 ludorum
1152 1067 1266 1164 origo,

209 1189 344 1262 etenim
373 1187 538 1284 jaculum
572 1188 630 1259 vel
665 1185 805 1258 discum
832 1185 1047 1282 torquendo,
1074 1186 1133 1257 vel
1158 1184 1267 1258 etiam

209 1305 320 1392 lucta,
347 1326 470 1391 cursu,
497 1299 675 1397 pugilatu,
694 1305 760 1373 aut
785 1300 918 1395 sagitta
941 1323 1018 1372 sese
1039 1301 1269 1374 oblectabant

209 1418 396 1494 Homerici
418 1417 571 1505 HeroeS,
591 1416 778 1513 inquibus
797 1415 965 1488 omnibus
981 1416 1093 1489 robur
1109 1415 1268 1512 corporis

210 1541 248 1609 et
263 1532 471 1608 exercitatio
488 1531 644 1605 maxime
662 1531 821 1605 cernitur
832 1528 842 1566 ‘
855 1562 918 1603 :-

448 1678 548 1732 -λαοὶ
561 1676 589 1730 δι’
603 1677 673 1748 παρὰ
685 1675 790 1749 ῥηγμῖνι
804 1675 943 1744 θαλάσσης

368 1767 507 1829 Δέσκοισιν
519 1773 652 1846 τέρποντο,
667 1774 709 1827 xol
722 1772 872 1844 αἰγανέῃσιν
887 1771 975 1830 ἱέντες.

210 1885 345 1959 Eadem
364 1884 485 1958 studia
497 1884 630 1958 Graecis
647 1885 693 1957 ad
706 1884 878 1958 Aulidem
891 1884 1118 1982 congregatis
1141 1885 1269 1959 tribuit

212 2001 415 2098 Euripides,
439 2001 645 2075 Homerum
662 2012 849 2075 auctorem
875 2004 1058 2098 eleganter
1078 2009 1226 2076 secutus
1240 2011 1267 2075 Β.

211 2120 339 2215 Itaque
358 2143 564 2216 quanquam
585 2119 782 2192 certamina
797 2118 869 2192 ista
886 2119 1033 2216 publica
1049 2122 1270 2194 authoritate

212 2234 350 2310 sancita
379 2235 543 2307 nondum
568 2233 606 2306 in
632 2259 703 2308 usu
729 2243 843 2323 erant,
871 2259 997 2308 eorum
1024 2246 1146 2310 tamen
1172 2236 1270 2310 rudi-

210 2358 335 2427 menta
352 2351 450 2449 apud
469 2351 675 2425 Homerum
692 2377 800 2425 nemo
817 2377 892 2426 non
914 2353 1041 2443 videt3
1067 2379 1184 2452 neque
1203 2355 1271 2428 alia

211 2494 330 2566 neque
347 2467 417 2541 alio
434 2466 545 2541 modo
563 2468 761 2542 certamina
778 2470 956 2543 instaurat
973 2470 1143 2559 Achilles
1162 2496 1272 2569 quam

210 2597 263 2671 illi
277 2596 460 2694 Olympici
473 2595 575 2669 Jovis
589 2587 827 2690 ἀγωνοθέται.
870 2596 960 2670 Haec
977 2603 1100 2670 autem
1117 2623 1174 2672 res
1193 2611 1270 2672 tan·

212 2715 295 2788 dem
311 2714 358 2786 ad
375 2715 486 2785 finem
503 2713 679 2808 perducta
695 2722 873 2810 quantum
891 2715 1058 2787 ardorem
1074 2739 1139 2811 per
1155 2723 1270 2788 totam

213 2831 389 2922 Graeciam
423 2828 621 2916 suscitavit,
653 2837 690 2902 et
719 2829 757 2902 in
792 2830 911 2902 multa
940 2831 1063 2903 secula
1097 2829 1271 2904 sustinuit

213 2947 301 3021 batis
324 2955 454 3020 uotum
480 2952 547 3020 est.
598 2945 680 3019 Nec
703 2946 1012 3042 praetermittenda
1035 2953 1122 3020 sunt
1141 2947 1214 3036 illa,
1233 2949 1272 3022 iu

213 3065 343 3162 quibus
377 3063 549 3136 ludorum
583 3071 619 3136 et
654 3062 807 3160 gloriam
841 3069 879 3136 et
913 3063 1089 3160 originem
1122 3067 1272 3162 exponit

214 3177 351 3255 Poetal
365 3211 427 3254 :-

373 3330 447 3404 Arip'
462 3331 519 3403 ὅγε,
534 3331 575 3386 καὶ
589 3331 633 3396 σὺ,
648 3332 716 3401 ξεῖνε
730 3333 821 3404 πάτερ,
835 3334 958 3406 πείρησαι
971 3331 1084 3402 ἀέθλων,

374 3426 408 3484 Ei
419 3432 476 3485 τινά
488 3451 540 3484 που
553 3427 685 3500 lebuinus·
705 3433 772 3485 ἔοικε
786 3430 816 3486 δέ
828 3431 854 3486 σ’
869 3429 943 3501 ἴδμεν
955 3431 1074 3490 ἀέθλους·

376 3528 415 3582 Οὔ
427 3527 475 3598 μέν
488 3528 539 3599 γὰρ
552 3529 640 3597 μεῖζον
653 3529 728 3584 κλέος
741 3527 839 3600 ἀνέρος,
853 3527 926 3600 ὄφρά
938 3549 982 3583 κεν
994 3526 1064 3598 ἦσιν,

368 3620 407 3678 ''ll
423 3621 463 3678 ὅτι
475 3623 578 3679 ποσσίν
590 3645 619 3679 τι
631 3623 710 3697 ῥέξει,
726 3626 767 3679 καὶ
779 3627 874 3697 χερσὶν
887 3628 969 3694 έῇσιν.

214 3743 272 3816 Ex
297 3743 425 3817 eodem
458 3744 560 3817 fonte
589 3744 740 3841 profluit
768 3747 879 3820 etiam
911 3746 973 3818 ille
1006 3744 1069 3842 qui
1102 3745 1271 3841 operibus

214 3859 359 3934 rusticis
377 3859 530 3933 dabatur
547 3861 676 3950 honos,
692 3887 772 3959 quae
789 3862 888 3960 apud
905 3859 1177 3962 alios-dedecori
1194 3886 1272 3936 esse

214 3978 344 4065 solent,
368 3978 538 4052 messoris
563 3978 645 4052 dico
668 3985 705 4052 et
731 3979 883 4053 aratoris
905 3975 1101 4050 laboribus.
1153 3977 1271 4078 Eury-

255 4179 454 4260 ⁰Xett0pltott‚
469 4191 651 4258 Κυνηγετικόι.
763 4183 885 4255 Aulide,
900 4180 992 4242 Chorl
1006 4183 1113 4245 Parod.

256 4260 319 4319 ‘IL
335 4275 365 4319 Β.
381 4281 438 4333 773.
805 4262 819 4300 ¹¹
837 4265 890 4324 Od.
905 4277 938 4324 Θ.
957 4289 1010 4338 ¹⁴5·

257 4339 353 4400 ‘Vin
379 4341 522 4420 Euripid.
556 4338 654 4420 play.
693 4343 724 4400 in
