3058 4902
443 277 654 326 rsnraorro
682 277 991 328 arcannm-rarus.
1178 269 1244 334 357

196 428 243 503 sit
268 431 305 500 et
326 425 487 500 veritatis
508 425 780 500 similItudinem
803 434 1003 501 conservet.
1047 425 1075 497 F
1077 428 1245 505 amiliaris

194 550 249 616 est
266 543 415 642 pictoris
440 567 497 615 ars
515 568 587 639 qua
604 544 658 617 vel
687 543 724 616 in
743 545 929 616 meliorem
946 545 1004 616 vel
1030 543 1068 617 in
1085 546 1246 642 pejorem

193 671 333 756 partem
372 660 577 756 subjectum
611 685 719 733 suum
755 659 933 756 exprimit.
991 659 1034 733 In
1070 665 1246 736 utramvis

195 778 307 872 igitur
334 785 474 874 partem
510 778 628 850 omnis
661 776 813 851 imitatio
849 801 887 849 se
920 777 1093 850 inclinare
1126 790 1246 876 potest

113 915 115 918 ·
196 896 295 966 salva
314 893 526 966 imitationis
549 917 624 966 suae
640 894 722 966 fide.
777 893 879 978 Quin
897 901 934 966 et
953 919 997 965 ex
1021 893 1101 991 ipsa
1117 904 1248 970 natura

192 1011 400 1085 hominibus
417 1012 548 1085 accidit
572 1013 611 1084 in
629 1009 878 1085 secretioribus
896 1011 1008 1084 animi
1034 1013 1191 1086 consiliis
1209 1022 1247 1088 et

193 1127 230 1199 in
248 1127 433 1202 communi
450 1129 595 1224 loquela
616 1136 726 1224 prout
749 1152 816 1200 sua
832 1128 1007 1225 cujusque
1033 1136 1090 1202 est
1106 1129 1246 1235 indoles

193 1252 257 1318 aut
274 1244 384 1317 animi
402 1244 594 1342 propensio
612 1244 649 1316 in
664 1245 756 1316 hanc
770 1251 835 1317 aut
852 1243 950 1318 illam
968 1257 1110 1342 partem
1124 1248 1246 1323 studio

193 1375 255 1436 aut
275 1365 358 1436 odio
376 1387 414 1436 se
432 1363 604 1436 conferre.
656 1362 732 1434 Alii
750 1361 867 1459 siquid
886 1363 1028 1459 pulchri
1047 1364 1084 1436 in
1103 1390 1141 1438 re
1159 1365 1247 1439 insit
1349 1436 1365 1456 ,

193 1481 284 1553 illud
309 1480 540 1577 potissimum
558 1480 683 1552 vident
705 1491 742 1552 ct
768 1491 978 1575 excerpunt,
998 1480 1058 1553 alii
1082 1485 1247 1578 quemvis

195 1621 340 1669 naevum
358 1603 422 1669 aut
440 1598 619 1669 m'aculam
638 1596 804 1669 insectari
821 1597 1000 1692 gaudent:
1029 1599 1107 1694 ipsa
1124 1624 1245 1673 rerum

195 1715 344 1786 nomina
373 1714 410 1785 in
436 1713 504 1785 hos
531 1735 620 1784 usus
647 1714 742 1785 ultro
768 1713 916 1798 cedunt,
939 1713 1029 1786 adeo
1052 1721 1096 1786 ut
1121 1715 1246 1787 eadem

195 1855 252 1903 res
279 1853 376 1902 nunc
398 1830 551 1902 honesto
575 1853 674 1902 nunc
700 1829 892 1902 inhonesto
916 1831 1064 1902 nomine
1083 1830 1246 1928 designe-

193 1953 266 2020 tur.
321 1947 419 2018 Hinc
438 1943 566 2019 Cicero
590 1947 635 2017 de
653 1943 809 2017 Catilina
830 1953 868 2019 et
893 1948 972 2042 ejus
998 1946 1103 2020 sociis
1130 1957 1247 2022 morte

85 2127 94 2144 ,
195 2064 358 2136 multatis
376 2061 574 2135 honestiori
588 2063 746 2148 nomine,
766 2063 945 2136 vixerunt.
1000 2061 1099 2136 Hinc
1123 2076 1248 2137 contra

195 2181 269 2254 odii
296 2205 405 2254 causa
431 2179 622 2253 Senatores
647 2179 937 2253 Lacedaemonios
961 2187 1069 2254 vocat
1094 2182 1246 2256 Demos-

196 2299 324 2370 thenes
347 2298 456 2369 titulo
480 2297 543 2392 qui
561 2295 772 2370 Graecorum
795 2297 942 2370 auribus
964 2301 1058 2371 male
1082 2301 1245 2387 sonabat,

199 2415 386 2502 δεσπότας
396 2411 423 2498 ¹‘.
477 2425 520 2497 In
544 2425 775 2521 Metaphoris
800 2425 896 2498 idem
923 2424 1037 2519 magis
1067 2427 1246 2498 cernitur:

197 2550 308 2641 prout
326 2544 512 2618 translatio
529 2542 609 2616 fita
631 2543 758 2639 majori
782 2548 819 2614 et
837 2540 1035 2614 honestiori
1054 2542 1149 2614 ultra
1166 2568 1248 2638 pre·

198 2664 291 2735 tium
312 2686 418 2734 suum
442 2685 517 2734 rem
544 2659 754 2747 attollimus,
781 2668 818 2731 et
841 2659 1068 2754 splendorem
1094 2659 1146 2731 illi
1174 2684 1248 2734 non

198 2779 386 2875 proprium
417 2777 659 2864 adsciscimus,
688 2783 798 2873 prout
826 2801 848 2849 a
878 2775 1032 2873 turpiori
1062 2785 1100 2849 et
1128 2775 1249 2849 vitiori

195 2897 330 2991 pariter
360 2921 436 2968 rem
463 2896 579 2990 magis
606 2895 780 2990 abjectam
809 2902 846 2966 et
873 2893 1057 2966 sordidam
1084 2892 1248 2966 facimus

198 3013 244 3084 ln
263 3013 443 3111 Epithetis
466 3014 597 3086 iterum
622 3019 733 3108 prout
751 3011 899 3084 titulum
927 3035 972 3084 ex
998 3011 1050 3084 rei
1075 3011 1250 3107 dignitate

196 3136 233 3203 et
262 3128 530 3227 pulchritudine
556 3127 786 3202 adsciscimus
816 3126 934 3201 laudis
960 3127 1141 3226 praeconio
1170 3153 1249 3200 earn

199 3250 388 3334 donamus,
419 3252 530 3345 prout
564 3271 609 3318 ex
639 3246 829 3319 contrariis
858 3246 937 3341 ejus
968 3245 1276 3341 proprietatibus

200 3367 335 3460 stigma
351 3365 540 3438 inurimus.
593 3363 706 3436 Nunc
723 3373 873 3435 vocatur
890 3361 1036 3434 Orestes
1057 3362 1250 3435 inhonesto

199 3495 359 3580 nomine,
383 3477 658 3592 μητροφόντης,
683 3518 781 3566 nunc
803 3494 975 3590 praeclaro
998 3493 1158 3579 nomine,
1179 3517 1250 3563 πα-

195 3610 283 3718 τρὸς
301 3613 472 3718 ἀμύντωρ
483 3614 502 3710 ¹,
519 3645 599 3718 quaa
619 3621 790 3719 Epitheta
807 3647 889 3694 cum
909 3646 931 3694 a
948 3645 987 3693 se
1004 3619 1161 3694 maxime
1179 3621 1251 3694 dis-

195 3745 275 3813 tant
299 3750 421 3812 tamen
439 3740 599 3836 ejusdem
617 3762 781 3837 personae
806 3737 902 3812 idern
921 3738 1060 3811 lacinus
1086 3745 1253 3835 spectant

196 3857 259 3929 sed
296 3855 446 3930 diversis
474 3855 590 3930 modis
605 3887 614 3944 ;
642 3862 787 3929 tanturn
816 3855 966 3928 interest
988 3858 1046 3928 vel
1069 3857 1106 3928 in
1135 3856 1251 3928 nomi-

197 3974 322 4047 nanda
338 3975 396 4047 vel
422 3975 458 4046 in
478 3973 710 4047 describenda
734 3999 772 4046 re
799 3972 835 4045 in
860 3997 966 4070 quam
992 3986 1130 4070 partem
1149 3996 1252 4069 spec-

194 4099 271 4166 tes:
308 4093 499 4165 veritatem
521 4091 657 4164 interea
682 4117 755 4164 non
784 4091 981 4165 deserimus
1011 4091 1096 4164 licet
1126 4114 1252 4162 omnes

221 4305 244 4371 .¹¹
259 4309 298 4366 In
316 4308 412 4375 Orat,
426 4311 497 4384 Upis
511 4311 645 4379 Λεπτινὴν.
717 4303 724 4337 ¹
741 4303 812 4365 Vld.
829 4305 924 4364 Aritt.
937 4303 1033 4375 ΒΜ,
1049 4300 1069 4361 l.
1086 4301 1127 4362 lli.
1141 4320 1166 4362 ο.
1184 4323 1211 4364 2.
