3094 4898
311 305 392 374 182Ι
648 319 864 368 rumrsorro
883 319 1034 370 οκοικκ.

309 472 349 544 in
378 470 529 566 singulis
558 475 780 566 spectantur.
834 467 934 542 Situs
960 475 999 541 et
1024 467 1183 542 Habitus
1214 469 1365 543 minoris

310 593 399 660 sunt
415 585 602 659 momenti.

371 703 562 776 Hactenus
596 701 708 798 igitur
741 700 786 774 de
819 700 863 774 iis
896 700 1085 774 vocabulis
1120 726 1201 797 quae
1241 727 1365 776 rerum

310 820 460 892 nomina
486 829 574 894 sunt
608 825 719 914 atque
752 818 843 890 adeo
877 841 945 890 sua
971 818 1008 890 vi
1036 813 1183 892 seusam
1214 819 1363 892 habent.

311 935 463 1008 Interim
493 933 755 1030 ignoscendum
782 932 829 1006 sit
859 932 890 1006 si
916 932 1072 1007 fortasse
1102 935 1270 1031 quaedam
1298 936 1365 1008 ob·

311 1075 426 1140 soure,
458 1051 625 1148 quaedam
655 1050 779 1124 miuus
812 1059 979 1122 accurata
1013 1051 1190 1147 loquutus
1219 1051 1364 1138 luerim,

311 1171 403 1256 ἴσως
420 1169 494 1275 γὰρ
513 1167 683 1275 χαλεπὸν
704 1174 765 1250 καὶ
783 1173 869 1275 περὶ
890 1175 965 1250 τῶν
988 1167 1167 1251 τοιούτων
1185 1174 1366 1277 σφοδρῶς·

311 1301 602 1406 ἀποφαίνεσθαι,
621 1293 673 1397 μὴ
694 1294 880 1382 πολλάκις
899 1291 1140 1397 ἐσκεμμένον·
1174 1295 1218 1379 τὸ
1236 1292 1366 1398 μέντοι

312 1425 574 1538 διηπορηκέναι
599 1435 684 1536 περὶ
714 1429 877 1512 ἑκάστου
905 1431 1038 1526 αὐτῶν,
1070 1433 1136 1513 οὐκ
1168 1431 1368 1537 ἄχρηστον

312 1565 396 1643 ἐστὶ
406 1565 431 1640 ⁸.
480 1570 561 1643 Neo
577 1594 663 1643 vero
681 1570 759 1644 haeo
776 1569 926 1665 indigna
942 1577 1041 1658 sunt,
1061 1595 1141 1667 quae
1159 1570 1291 1643 iterum
1308 1583 1365 1643 at·

312 1711 383 1784 que
399 1684 533 1760 iterum
550 1686 818 1782 contempleris.
852 1686 910 1758 Ex
928 1687 1060 1759 harum
1076 1711 1198 1760 rerum
1211 1689 1365 1784 Analysi

311 1810 349 1876 et
373 1811 502 1876 mutua
524 1803 621 1877 inter
644 1827 683 1876 se
706 1803 911 1877 collatione·
927 1804 1044 1876 multa
1069 1813 1156 1877 sunt
1181 1803 1363 1876 discenda

312 1917 488 1992 Credibile
505 1926 561 1992 est
586 1920 684 1992 enim
707 1920 801 1993 hano
818 1917 955 1992 Graeooe
971 1918 1106 2016 linguae
1130 1919 1364 2007 structuram,

311 2059 397 2110 oum
414 2037 459 2109 ad
471 2035 559 2109 istas
577 2059 699 2110 rerum
710 2035 942 2108 Differentias
956 2059 1037 2132 quae
1050 2035 1228 2109 Naturam
1246 2035 1367 2133 ipsam

311 2163 444 2248 regunt
457 2159 495 2225 et
512 2153 745 2226 moderantur
757 2158 835 2224 tam
848 2157 931 2246 apte
948 2152 1114 2248 quadrat,
1128 2153 1366 2226 Aristotelem

310 2268 433 2367 ipsum
450 2269 488 2342 in
505 2268 748 2367 Philosophiae
765 2267 883 2365 spatia
898 2275 1008 2366 atque
1025 2267 1064 2340 in
1077 2268 1366 2366 Metaphysicam

312 2385 551 2459 subtilitatem
582 2385 782 2458 deduxisse.
845 2383 903 2456 Ex
932 2385 1059 2457 eadem
1087 2384 1260 2458 nimirum
1288 2411 1366 2460 ma·

311 2501 401 2576 teria
412 2501 684 2598 Philosophiam
701 2526 806 2575 suam
821 2501 1007 2589 honflavit,
1027 2526 1072 2576 ex
1090 2526 1162 2598 qua
1180 2501 1367 2577 Homerus

312 2643 416 2693 suam
434 2617 590 2692 Poesim.

532 2801 671 2882 Vestigia
685 2813 767 2864 oerte
779 2801 906 2864 rationis
919 2802 1010 2864 rerba
1023 2809 1094 2864 sunt
1105 2801 1129 2863 l.

352 2981 376 3024 ¹-
385 2973 511 3033 Aristot.
533 2974 629 3054 θοντο.
810 2973 824 3008 ¹¹
848 2974 995 3046 Ver-ulam,
1009 2977 1059 3036 Do
1070 2977 1249 3056 Aupmtis
1264 2977 1369 3036 Scien-

311 3069 430 3140 samm,
444 3069 464 3130 l.
480 3069 517 3129 ri.
533 3090 560 3130 ο.
581 3089 606 3130 r.
