3058 4908
515 363 729 418 rumusculo
748 359 967 415 oooorrcrrrr.
1209 359 1274 424 20⁷

215 515 320 602 nulli,
341 523 382 587 ut
407 537 452 590 ex
470 513 690 588 Aristotele·
715 513 900 603 discimus,
919 513 1157 592 Homericum
1172 518 1273 593 illam

145 645 148 650 '
215 635 261 707 de
289 633 437 708 Oceano
473 641 509 706 et
536 631 677 729 Tethye
711 631 928 707 senteutiam
961 632 1013 708 ita
1045 635 1274 734 interpretati

215 761 314 839 sunt,
333 760 443 847 atque
459 749 537 846 ipse
554 749 662 821 etiam
679 749 798 824 multo
816 748 930 844 magis
946 751 1102 825 fidenter
1118 751 1273 828 Hesiodi

214 868 276 942 illa
304 869 351 940 od
377 865 559 962 Principia
588 889 710 938 rerum
740 876 778 940 et
808 867 854 940 ad
881 865 1076 966 Physiccm
1105 869 1273 946 Philoso-

218 985 341 1083 phiam
357 983 536 1082 pertinere
554 973 827 1081 suspicabatur*
839 1008 902 1057 :-

374 1177 483 1231 Πιίντοιν
494 1175 542 1245 μὲν
553 1177 689 1247 optineo-m
701 1178 768 1248 χάσι
780 1198 863 1249 perer·
884 1179 965 1252 ιιῦτᾶρ
979 1180 1068 1236 tum

374 1271 435 1330 Γαῖ’
450 1271 662 1346 εὐρύστερνος-

372 1367 434 1427 'ild'
443 1369 533 1444 Ἔρος,
547 1369 576 1427 de
589 1375 720 1430 πάντεσσι
732 1374 891 1445 permira
904 1372 1101 1468 ddordroww'.

216 1522 266 1610 ὡς
293 1519 388 1616 δέον,
406 1528 526 1627 inquit
546 1528 773 1616 Aristoteles,
794 1524 834 1600 ἐν
858 1527 935 1605 τοῖς
960 1521 1070 1600 οὖσιν
1096 1517 1276 1627 ὑπάρχειν

216 1643 299 1726 τινὰ
316 1643 448 1742 αἰτίαν,
468 1647 548 1748 ἥτις·
566 1643 711 1746 κινήσει
735 1647 798 1725 καὶ
821 1641 972 1749 συνέξει
991 1642 1039 1724 τὰ
1056 1641 1271 1748 πράγματα.

216 1771 353 1844 Eadem
393 1771 467 1844 fere
505 1772 550 1844 de
584 1771 721 1844 Amore
761 1770 872 1844 habet
907 1770 1153 1868 Philosophus
1186 1771 1273 1845 Par-

216 1901 390 1974 menides.
438 1899 508 1974 Illa
524 1901 633 1975 etiam
650 1905 695 1975 ut
710 1925 756 1976 ex
773 1899 936 1976 Diodoro
953 1901 1125 1976 discimus
1145 1898 1273 1974 Μενα-

101 2009 111 2018 ’
214 2021 357 2121 λίππηι
379 2023 492 2126 ῥῆσις
516 2056 562 2104 ex
579 2031 806 2128 Anaxagorae
823 2031 987 2129 Physicis
1004 2031 1160 2108 deducta
1180 2032 1272 2130 jam·

215 2146 355 2243 pridem
371 2146 410 2220 in
426 2148 558 2221 sabulis
575 2147 768 2222 delituerat
780 2181 841 2222 :—

375 2321 422 2380 ‘oe
435 2323 541 2396 οὐρανόν
553 2345 582 2379 τι
595 2326 657 2396 γαῖα
671 2323 693 2378 τ’
707 2322 739 2393 ἢν
750 2323 841 2398 μορφὴ
854 2324 911 2396 plu,

374 2418 449 2475 Ἐπεὶ
463 2418 488 2476 δ’
502 2421 687 2494 ἐχωρίσθησαν
699 2421 825 2492 ἀλλὴλων
838 2423 909 2494 δίχα,

373 2517 496 2574 Τι’κτονσι
509 2519 600 2580 πάν-ιι,
616 2518 760 2573 ιᾶνὲδωισν
772 2518 810 2575 cle
822 2521 903 2590 ᾠάοι,

373 2613 480 2702 divion,
493 2615 606 2678 πετεινὰ,
622 2613 709 2688 θῆραι,
724 2613 769 2673 οὓς
781 2613 805 2670 ὅ
819 2617 889 2687 ἅλμη
902 2615 1006 2690 τρέφοι,

373 2709 450 2767 Γένσι
461 2731 490 2766 τι
504 2709 603 2779 θνητῶν
609 2715 632 2765 ¹.

215 2841 258 2914 ln
289 2843 388 2918 huuc
419 2843 529 2918 etiam
559 2845 711 2920 modum
740 2845 945 2921 Homerum
973 2846 1200 2944 interpretari
1229 2851 1271 2923 li·

213 2966 305 3048 ceat,
334 2961 398 3034 ubi
427 2963 471 3036 de
498 2962 637 3036 Cotenu
662 2987 783 3048 aurea,
811 2987 892 3060 quae
919 2987 964 3038 ex
992 2963 1128 3038 summi
1153 2964 1271 3041 Patris

214 3077 364 3151 arbitrio
394 3079 538 3176 pendet,
566 3080 677 3153 verbo
706 3080 803 3168 facit,
831 3104 913 3154 eam
942 3080 1135 3178 designans
1161 3081 1272 3157 divini

213 3193 375 3268 numinis
402 3196 478 3268 vim
509 3221 590 3295 quae
617 3195 828 3271 uuiversum
856 3197 927 3272 hoo
953 3197 1082 3272 mundi
1112 3205 1272 3298 systema

214 3313 480 3409 complectitur,
510 3321 548 3388 et
576 3339 642 3413 per
668 3340 779 3413 quam
806 3314 957 3414 singulae
985 3323 1108 3415 partes
1137 3317 1176 3392 in
1203 3343 1271 3392 suo

212 3431 295 3504 loco
325 3432 580 3521 continentur;
612 3457 657 3507 ex
683 3434 788 3530 cujus
814 3433 903 3507 adeo
930 3447 1025 3509 nutu
1054 3435 1125 3508 alia
1150 3434 1272 3510 omnia

212 3546 316 3620 facile
333 3559 537 3640 moventur,
557 3550 645 3625 dum
662 3549 742 3647 ipsa
763 3551 891 3626 olienis
906 3550 1044 3627 viribus
1067 3552 1271 3649 impugnari

213 3670 280 3738 out
295 3667 503 3741 labefactari
520 3693 594 3742 non
606 3675 730 3767 potest
739 3676 765 3742 Υ.
802 3667 887 3743 Huc
904 3671 1015 3743 etlam
1029 3657 1178 3766 quidam
1195 3691 1270 3742 non

211 3781 335 3879 inepte
359 3783 521 3859 referunt
543 3786 684 3861 sabulos
710 3787 798 3860 istos
822 3787 867 3860 de
892 3785 1062 3861 ‹Juuone¹
1085 3787 1125 3860 in
1149 3785 1271 3860 medio

252 3984 463 4068 'Meloplaeys.,
477 3987 496 4047 l.
513 3990 531 4047 i.
547 4007 572 4048 c.
585 4007 612 4064 3.
645 3988 718 4050 vid.
799 3997 815 4027 ¹¹
835 3987 979 4060 Heriod.;
1008 3987 1210 4068 Ilicop.,116.

212 4064 304 4127 etiam
317 4067 458 4127 Platonis
474 4067 611 4128 Tleoetet.
800 4077 813 4102 ¹
831 4069 941 4149 Eur-ip.
969 4089 1018 4149 ap.
1048 4067 1134 4128 Diod.
1160 4069 1266 4144 Sicut,

252 4147 427 4226 ιΜανῆν,
448 4145 469 4205 l.
490 4146 510 4206 i.
533 4167 558 4208 c.
576 4167 607 4221 4.
649 4145 721 4208 Vid.
761 4146 782 4210 l.
797 4146 817 4207 i.
832 4167 858 4208 o.
873 4165 901 4227 7.

212 4225 304 4285 etiam
327 4225 528 4288 Verulamium
551 4227 588 4286 do
605 4227 721 4308 prioci-
801 4228 880 4288 vll.
895 4241 926 4289 θ.
946 4227 1056 4307 rodo.

206 4307 274 4385 piis
296 4313 327 4366 et
391 4305 524 4378 ''uibm‚
548 4304 609 4388 dm,
632 4317 662 4370 ct
687 4307 723 4367 do
801 4307 1090 4379 ⁸1bid.o.1e‚tc.

213 4386 369 4463 Sapientia
410 4393 529 4448 elerum.
