3094 4898
539 342 752 392 rnmrrcrro
777 341 927 390 onerer.
1196 333 1259 400 167

204 489 250 562 ed
268 489 465 566 terminum
483 491 645 579 deduco;
676 493 782 589 cujus
805 492 1039 590 participium
1058 491 1259 589 perfectum

204 609 247 691 τὸ
286 606 530 716 πεπρωμένον
568 624 771 706 destinatus
811 624 896 696 vitae
933 623 1134 711 terminus;
1174 624 1260 698 hinc

203 748 313 824 etiam
345 735 605 846 συμπέρασμα
646 752 824 826 terminus
854 754 899 825 ad
931 776 1041 850 quem
1070 753 1259 827 ratiocine-

203 883 303 956 tione
327 883 565 970 deducimnr;
594 908 681 956 mox
704 873 864 978 ἄπειρος,
882 882 1060 972 infinitus,
1086 884 1164 958 sine
1188 891 1259 958 ter·

205 1013 317 1100 mino,
337 1023 373 1086 et
392 1013 544 1086 sortasse
565 1002 723 1108 πρασιὰ,
743 1038 825 1087 area
845 1016 953 1089 certis
976 1015 1155 1090 limitibus
1174 1041 1259 1090 con·

205 1132 454 1217 clusa—ivea
484 1129 524 1212 δὲ
553 1137 741 1234 κοσμηταὶ
771 1139 931 1238 πρασιαὶ
941 1139 1094 1217 ¹¹¹—tum
1121 1130 1259 1241 repaire,

206 1268 361 1346 transeo,
381 1259 444 1331 ubi
462 1259 569 1331 Actio
586 1258 740 1332 termino
758 1261 908 1334 invento
925 1286 1000 1334 non
1025 1261 1259 1358 conquiescit,

205 1379 265 1451 vel
291 1375 493 1462 transitive,
521 1375 551 1448 si
578 1377 625 1448 ad
653 1377 767 1449 alium
792 1383 960 1474 agentem
988 1402 1044 1452 res
1073 1377 1260 1465 referatur,

206 1493 366 1591 trajicere
382 1493 489 1580 facio,
503 1491 594 1566 sacio
608 1498 652 1565 ut
668 1493 797 1590 aliquis
810 1495 906 1567 ultra
923 1494 1121 1594 terminum
1134 1495 1261 1568 datum

206 1613 441 1710 provehatur,
474 1621 512 1683 et
542 1635 629 1684 mox
663 1610 857 1685 remotiore
875 1617 1001 1686 'sensu
1026 1613 1171 1699 vendo;
1207 1622 1261 1686 et-

207 1731 304 1803 enim
339 1729 517 1803 mercium
551 1726 838 1802 commutatione
872 1736 962 1802 tunc
995 1729 1170 1826 temporis
1205 1753 1262 1803 res

206 1848 466 1922 vendebantur.
512 1846 638 1920 Habes
660 1847 757 1943 apud
777 1846 980 1921 Homerum
999 1858 1037 1922 ct
1060 1872 1206 1923 sensum
1225 1853 1263 1922 et

208 1965 383 2062 originem
400 1965 503 2038 vocis
516 1995 579 2037 :-

366 2107 439 2162 Κεῖθι
453 2107 482 2162 δε
494 2104 522 2175 μ’
535 2107 570 2162 ὧν
583 2107 716 2178 περάσησι
730 2108 772 2161 καὶ
784 2105 900 2162 ἄσπετον
913 2105 978 2162 ὦνον
992 2105 1081 2163 ἕλοιτο
1092 2112 1113 2162 ¹¹.

522 2223 656 2292 -νουσίν
668 2225 763 2292 λάβον,
777 2221 817 2292 ἠδ’
832 2223 984 2296 ε’πίρασσαν

365 2315 442 2372 Ταῦθ’
457 2315 549 2388 ἀνδρὸς
562 2317 628 2387 πρὸς
641 2315 736 2386 δώματ’
746 2319 807 2372 -⁰.

207 2455 263 2528 Ex
281 2456 353 2528 hoc
376 2454 467 2527 adeo
484 2455 586 2527 verbi
609 2477 718 2527 sensu
741 2455 924 2550 prodeunt
940 2443 1156 2549 πιπράσκω,
1175 2445 1264 2550 πέρ·

209 2611 296 2676 νημι
314 2608 399 2657 cum
426 2585 625 2657 derivativo
648 2607 715 2657 suo
732 2570 881 2679 πόρνος.
932 2583 1075 2658 Rursus
1092 2579 1204 2677 πεῖρα
1220 2583 1265 2654 de

207 2712 270 2786 illo
288 2711 421 2786 dicitur
438 2713 500 2810 qui
527 2712 795 2786 adterminum
821 2712 983 2799 enititur,
1003 2711 1100 2784 unde
1125 2697 1264 2804 πειράω

114 2851 120 2863 “
208 2850 246 2917 et
270 2843 579 2942 frequentativum
606 2829 921 2936 πειρητίζω-καὶ
954 2827 1069 2936 τόξον
1100 2827 1264 2934 πειρήτι-

210 2954 437 3068 (es-quin
457 2977 494 3043 et
510 2957 832 3064 πειράζω-αἰὶοαι
851 2973 990 3041 tentare
1008 2967 1038 3041 si
1061 2967 1152 3040 forte
1170 2967 1266 3040 ultra

208 3097 408 3170 terminum
433 3119 474 3169 se
499 3095 682 3193 proripere
707 3093 806 3183 velit,
836 3105 874 3167 et
898 3079 1085 3188 πειρατὴς,
1117 3091 1178 3190 qui
1204 3115 1266 3166 au·

208 3211 331 3285 dacter
342 3211 537 3285 terminum
551 3207 711 3282 transilit
725 3207 868 3306 quidvis
885 3215 1024 3281 tentare
1043 3230 1166 3294 ausus,
1180 3205 1265 3281 hinc

208 3341 321 3415 etiam
352 3327 546 3434 ἀνάπειρα,
577 3338 868 3434 experimentum
898 3361 973 3409 non
1008 3336 1162 3434 simplici
1186 3336 1266 3410 vice

208 3469 357 3556 sactum,
373 3478 411 3541 et
425 3457 606 3563 ἐμπειρία,
614 3467 740 3564 peritia
754 3491 834 3564 quae
847 3464 1068 3562 experientia
1081 3462 1263 3554 accrescit,

209 3602 247 3670 et
264 3589 426 3692 ἀπειρία,
446 3596 583 3693 peritiae
601 3598 705 3672 istius
723 3597 896 3671 absentia.
943 3594 1098 3668 Affinem
1117 3617 1266 3669 sensum

208 3723 319 3798 habet
344 3716 472 3820 πείρα,
500 3724 719 3821 transadigo,
746 3724 807 3798 hic
837 3725 934 3800 enim
965 3724 1092 3797 datum
1121 3747 1266 3819 quoqne

208 3841 405 3914 terminum
422 3842 686 3939 transgreditur
703 3842 812 3916 Actio
825 3874 888 3914 :-

607 3996 647 4006 -
660 3971 743 4041 φίληπ
756 3969 799 4025 διὰ
812 3970 900 4040 χαρόσ
914 3967 1015 4048 ἔπειρεν

449 4065 535 4137 Αἰχμὴ
549 4065 658 4136 χαλκείη
668 4095 707 4106 -
715 4069 739 4118 (Ι.

249 4211 269 4235 ”³
293 4202 393 4282 Odyrr.
408 4217 444 4264 Η.
463 4223 527 4283 127.
759 4203 801 4264 Il.
817 4216 849 4262 ψ.
865 4223 914 4279 40,
928 4209 960 4264 et
977 4203 1076 4283 Θάμνα.
1090 4218 1122 4264 o.
1138 4219 1207 4282 45¹4.

250 4291 262 4315 ¹²
284 4281 362 4341 Ibid.
378 4294 408 4343 Ξ.
425 4301 492 4363 297.
798 4293 810 4326 Ρ
834 4285 936 4363 Odprr.
952 4297 983 4342 Φ.
1004 4302 1067 4357 ¹²4·

250 4369 262 4392 ⁰
282 4361 361 4421 Ibid.
377 4376 408 4420 0.
427 4364 492 4437 386.
533 4361 604 4422 Vid.
619 4363 719 4437 etiam,
799 4371 813 4411 ‘¹
835 4363 877 4422 Π.
894 4376 924 4422 r.
940 4382 1008 4442 479.
