3058 4908
441 314 445 329 ¹
463 309 679 362 ramaacrro
698 311 997 365 oncrum-raam.
1190 310 1255 372 229

197 461 280 537 ficio
297 465 342 537 ad
361 462 516 536 Romani
532 463 673 558 imperii
692 463 848 558 origines
870 471 908 537 et
924 463 1086 561 Augusti
1104 465 1256 541 Caesaris

197 580 349 676 stirpem
367 579 444 652 haec
461 579 584 652 omnia
601 578 831 652 transferens.
1323 574 1328 584 ’

250 694 343 779 Quae
364 720 450 768 cum
467 695 520 767 ita
537 695 623 782 sint,
641 694 778 791 inipso
796 695 874 791 jam
891 693 1014 768 statim
1032 696 1163 771 sabulae
1181 723 1256 773 sure

198 812 341 887 delectu
375 836 509 908 magno
543 823 581 885 et
617 812 692 886 suis
727 819 764 885 et
802 812 880 886 aliis
921 814 1144 916 documento
1179 822 1257 889 erat
1349 825 1382 894 f
1452 783 1458 792 ¹

196 928 320 1016 Poeta,
361 952 481 1026 neque
524 929 669 1001 difficile
711 929 780 1001 erit
814 929 891 1024 jam
930 929 969 1002 in
1008 930 1089 1027 ipso
1128 932 1255 1005 limine

197 1043 402 1118 Homericae
431 1044 588 1118 Poeseos
615 1069 725 1117 usum
755 1069 960 1140 agnoscere.
1014 1045 1126 1130 Quod
1155 1049 1255 1143 ipsos

198 1160 348 1236 Graecos
365 1161 509 1250 attinet,
529 1187 604 1234 non
629 1162 719 1235 illud
737 1165 830 1250 dico,
850 1165 948 1260 quod
974 1165 1166 1261 magnifice
1192 1168 1255 1240 sed

197 1287 334 1352 temere
364 1278 510 1375 quidam
535 1278 718 1368 effutiunt,
748 1279 952 1354 Homerum
983 1282 1022 1354 in
1050 1281 1162 1354 Iliade
1189 1307 1256 1356 sua

197 1403 349 1469 mutuas
367 1395 577 1469 Graecarum
595 1396 785 1470 civitatum
808 1398 1015 1471 inimicitias
1036 1407 1073 1471 et
1096 1397 1179 1473 odia
1201 1423 1256 1473 re-

193 1513 371 1610 spexisse,
391 1522 427 1586 et
449 1513 487 1586 in
510 1513 742 1587 concordiam
764 1539 935 1588 revocare
953 1516 1126 1603 voluisse,
1145 1517 1256 1594 itaut

197 1630 393 1726 conjuncta
422 1629 460 1702 vi
487 1631 677 1728 imperium
707 1631 745 1703 in
775 1631 864 1706 alios
894 1633 1117 1706 affectarent.
1172 1632 1256 1707 Hoc

197 1756 253 1822 est
270 1750 309 1822 in
326 1749 396 1822 alia
420 1773 569 1846 prorsus
593 1756 760 1846 tempora
777 1749 982 1826 Homerum
999 1753 1227 1827 transtulisse
1243 1785 1252 1843 ;

197 1867 363 1939 nondum
389 1866 486 1939 enim
510 1865 604 1941 inter
620 1866 809 1963 primarias
835 1867 999 1943 civitates
1026 1875 1153 1943 exorta
1177 1876 1256 1944 erat

196 1982 333 2056 invidia
348 1983 420 2057 ista
436 2008 518 2081 quae
538 1982 715 2056 Graeciam
733 1991 790 2057 tot
813 1984 914 2059 bellis
937 1985 1146 2080 exagitavit,
1166 2011 1255 2059 non·
1350 1977 1362 2002 '

197 2098 287 2172 dum
317 2124 384 2196 pro
414 2099 621 2196 principatu
651 2100 808 2174 Athenae
841 2108 878 2174 et
910 2099 1042 2198 Sparta
1071 2110 1256 2176 certamen

196 2215 364 2304 inierant,
391 2241 509 2314 neque
535 2216 598 2290 illa
623 2217 880 2292 dominationis
907 2221 1032 2296 lubido
1058 2219 1143 2293 vitae
1169 2221 1255 2295 sim·
1332 2217 1334 2220 ’

196 2335 397 2432 plicitatem
429 2336 616 2426 infecerat,
648 2347 685 2410 et
719 2338 770 2411 rei
799 2337 960 2412 Politicae
994 2339 1167 2413 astutiam
1201 2340 1254 2414 in·

198 2453 361 2526 duxerat.
413 2452 498 2526 lam
525 2451 651 2526 multis
680 2460 765 2551 post
791 2455 995 2528 Homerum
1023 2455 1153 2530 seculis
1181 2480 1257 2531 non

197 2570 286 2644 alias
312 2569 599 2644 concertationes
626 2581 775 2670 experta
800 2581 855 2644 est
873 2572 1013 2647 Graecia
1039 2596 1150 2671 quam
1174 2575 1257 2647 fini·

197 2689 373 2763 timarum
391 2689 580 2763 civitatum
600 2691 645 2763 de
661 2690 794 2763 finibus
812 2691 887 2764 suis
905 2690 1044 2766 subitas
1062 2699 1101 2765 et
1118 2694 1256 2765 tumul·
1321 2713 1325 2726 ’

198 2806 333 2880 tuarias
351 2805 599 2880 dimicationes
612 2831 689 2879 uno
705 2816 769 2880 aut
787 2809 900 2881 altero
918 2809 1042 2905 praelio
1060 2804 1254 2896 diremtns3

198 2924 300 2996 nulla
324 2932 429 2997 erant
453 2925 492 2996 in
517 2923 761 3020 longinquum
787 2924 931 3012 foedera,
954 2949 1072 3021 neque
1096 2925 1194 2998 bella
1218 2926 1258 2998 in

197 3041 350 3135 longum
368 3041 519 3137 prolata.
563 3039 621 3112 Ita
641 3039 817 3112 Groeciam
834 3064 908 3113 non
925 3042 1048 3138 inepte
1066 3044 1134 3116 sub
1152 3042 1257 3116 initio

196 3157 281 3229 belli
299 3155 431 3230 Persici
457 3156 626 3231 describit
654 3156 880 3244 Mardonius,
899 3159 997 3255 apud
1023 3158 1256 3234 Herodotum

141 3303 145 3312 '
196 3276 319 3357 —rrai
341 3311 399 3357 τοι
419 3274 559 3358 ἐώθασι
572 3268 763 3378 Ἕλληνες
784 3275 847 3382 (ὡς
870 3276 1118 3384 πυνθάνομαι)
1142 3278 1257 3378 ἀβου-

197 3403 341 3487 λότατα
367 3405 557 3507 πολέμους
585 3407 782 3503 ἵστασθαι,
814 3406 884 3488 ὑπό
916 3443 957 3490 τε
989 3408 1258 3513 ἀγνωμοσύνης

197 3537 259 3615 καὶ
298 3531 533 3635 σκαιότητος·
576 3534 688 3615 ἐπεὰν
724 3535 799 3641 γὰρ
844 3537 1053 3639 ἀλλήλοισι
1088 3536 1258 3638 πόλεμον

196 3663 419 3767 προείπωσι,
457 3661 673 3768 ἐξευρόντες
705 3663 748 3745 τό
781 3662 994 3747 κάλλιστον
1020 3667 1159 3772 χωρίον
1197 3669 1259 3746 καὶ

197 3797 406 3898 λειότατον,
444 3803 481 3886 ἐς·
514 3806 625 3881 τοῦτο
660 3799 848 3886 κατιόντες
881 3799 1066 3905 μάχονται
1076 3803 1109 3882 ¹¹¹.
1170 3809 1258 3884 Non

196 3925 320 4022 itaque
341 3925 456 3998 Iliada
479 3926 525 3999 ad
542 3925 733 4000 Politicam
760 3926 948 4000 scientiam
974 3951 1017 3999 eo
1039 3950 1156 4023 usque
1179 3952 1258 4024 per-

198 4041 312 4115 tinere
338 4044 514 4139 arbitror;
541 4045 664 4140 potuit
691 4052 812 4117 tamen
830 4043 1014 4118 Homerus
1040 4046 1099 4117 vel
1124 4043 1164 4117 in
1189 4046 1260 4119 hoc

197 4183 319 4233 rerum
347 4167 448 4235 statu
475 4160 632 4258 exempli
659 4161 740 4234 loco
767 4163 963 4259 conjuratae
990 4161 1137 4236 Graeciae
1164 4176 1264 4260 opus·

552 4336 553 4347 ¹
582 4352 601 4377 ¹¹²
620 4342 687 4404 Lib.
701 4343 749 4402 vii.
765 4365 790 4405 c.
807 4365 835 4422 9.
