3058 4908
296 345 362 408 268
565 355 777 405 rennncrro
800 355 1079 405 uncins-snm„

294 517 334 584 et
350 508 585 583 domesticam
598 509 712 581 vitam
729 510 782 582 ite
797 508 955 604 attingit,
971 515 1014 582 ut
1029 507 1083 580 illi
1100 531 1209 582 suum
1224 507 1343 582 locum

296 627 334 700 in
352 628 522 701 societate
547 625 737 699 hominum
763 627 926 722 adsignet
937 634 961 714 ⁰,
981 627 1030 698 sit
1052 625 1138 699 licet
1162 625 1233 699 alia
1249 626 1346 700 Poli-

296 745 368 818 tice
393 769 474 842 quae
503 750 620 817 totam
650 743 861 818 societatem
886 767 953 840 pro
982 749 1198 839 argumento
1223 743 1344 817 habet.

298 859 399 944 Quin
426 867 463 934 et
492 861 539 934 ad
565 860 755 934 Politicam
783 859 1009 958 disciplinam
1037 862 1182 958 proprie
1211 860 1345 934 dictam

296 979 417 1075 aliquo
435 969 581 1051 nomine
597 988 793 1072 utrumque
816 1000 947 1073 poema
963 975 1086 1049 referri
1103 983 1233 1073 potest.
1285 976 1345 1049 Ex

296 1095 408 1168 Iliade
425 1094 540 1168 diseas
557 1095 646 1192 quid
668 1094 706 1167 in
723 1119 762 1166 re
783 1092 938 1182 militari,
957 1119 1001 1166 ex
1020 1093 1185 1190 Odyssea
1201 1093 1288 1191 quid
1305 1093 1344 1165 in

296 1211 394 1286 civili
418 1212 534 1309 possit
558 1211 762 1306 legitimum
787 1217 824 1283 et
846 1211 991 1307 justum
1016 1210 1220 1308 imperium,
1246 1211 1346 1308 quod

296 1329 441 1428 propria
457 1328 494 1401 vi
518 1338 711 1417 constaret,
732 1353 848 1426 neque
873 1353 918 1401 ex
943 1353 1043 1402 mera
1065 1329 1234 1426 opinione
1257 1353 1345 1426 pen-

297 1447 411 1535 deret,
430 1471 540 1544 quam
564 1447 807 1543 periculosum
824 1452 881 1519 est
906 1447 945 1518 in
962 1471 1001 1519 re
1018 1458 1093 1520 tam
1119 1446 1219 1543 gravi
1236 1447 1346 1530 unius

296 1590 459 1662 personae
490 1563 664 1661 dignitate
693 1563 816 1637 omnia
846 1563 1016 1637 sustineri
1028 1595 1038 1652 ;
1074 1589 1155 1660 quae
1182 1563 1347 1636 doctrina

297 1706 408 1778 quam
433 1679 634 1754 necessaria
657 1688 735 1753 erat
759 1681 838 1754 istis
858 1682 1084 1777 temporibus
1109 1681 1213 1758 facile
1237 1683 1347 1754 intel-

295 1800 432 1895 ligitur.
485 1798 594 1894 Regis
627 1798 749 1894 itaque
786 1807 826 1871 et
858 1797 1032 1896 Principis
1065 1799 1147 1871 Viri
1180 1797 1346 1873 fortunus

296 1924 428 1991 tractat
457 1916 581 2004 Poeta,
612 1924 721 2014 atque
754 1917 844 1991 adeo
875 1918 907 1990 si
940 1919 987 1992 ad
1021 1942 1200 1991 summam
1230 1917 1344 2013 magis

296 2035 464 2132 aequabili
492 2059 534 2107 ac
567 2036 641 2107 leni
675 2045 780 2107 motu
809 2034 971 2108 animum
1005 2034 1226 2109 commoveri
1250 2037 1344 2122 vult,

298 2177 373 2226 non
403 2176 484 2226 raro
514 2159 638 2225 tamen
666 2151 823 2248 assurgit
852 2152 966 2249 magis
999 2153 1171 2226 incitatus
1197 2151 1236 2226 in
1263 2152 1345 2226 seri-

300 2269 419 2342 bendo
436 2279 472 2342 et
490 2268 696 2342 vehemens

347 2386 432 2459 Jam
458 2401 544 2458 vero
569 2411 654 2460 cum
681 2386 883 2484 Trojanum
912 2387 1049 2461 bellum
1074 2412 1208 2482 magno
1233 2386 1346 2461 totius

299 2503 448 2578 Graeciae
478 2504 603 2576 ardore
636 2511 674 2578 et
707 2506 895 2578 communi
928 2504 1077 2579 consilio
1111 2509 1256 2602 gestum
1285 2505 1345 2590 sit,

299 2630 408 2720 atque
432 2621 536 2694 eade
562 2645 672 2695 eausa
697 2623 864 2696 omnium
889 2623 1027 2697 animos
1052 2622 1091 2694 in
1116 2646 1155 2695 se
1179 2631 1346 2696 convert·

299 2744 388 2822 erat,
400 2737 452 2808 ita
469 2735 547 2832 pari
563 2735 602 2808 in
620 2735 757 2809 honore
774 2742 851 2808 erat
867 2737 1004 2810 reditus
1020 2736 1174 2833 aTroja,
1186 2761 1230 2809 eo
1248 2735 1346 2833 quod

299 2851 448 2927 Graeciae
473 2857 607 2925 statum
633 2876 708 2924 non
737 2854 864 2926 leviter
888 2854 1152 2939 immutaverat,
1178 2859 1218 2925 et
1246 2851 1345 2950 prin·

299 2971 421 3067 cipum
437 2970 590 3043 familias
607 2969 714 3043 variis
740 2969 1003 3045 calamitatibus
1023 2971 1209 3045 afflixerat.
1263 2969 1346 3044 Hoo

298 3101 527 3199 Thucydides
541 3102 791 3198 pronuntiavit
800 3101 827 3191 ⁶,
842 3093 918 3193 ἥτε
935 3091 1008 3199 γὰρ
1022 3093 1261 3199 ἀναχώρησις
1273 3099 1347 3173 τῶν

297 3220 495 3324 Ἑλλήνων
525 3221 572 3327 ἐξ
597 3221 712 3303 Ἰλίου
741 3221 874 3328 χρονία
902 3221 1082 3324 γενομένη
1112 3220 1241 3303 πολλὰ
1268 3225 1344 3302 ε’νε·

300 3349 464 3458 όχμωσε,
483 3355 544 3432 καὶ
561 3349 719 3436 στάσεις
743 3355 783 3432 ἐν
801 3359 880 3436 ταῖς
898 3351 1059 3432 πολέσιν
1077 3353 1126 3436 ὡς
1143 3353 1345 3432 ἔπίτοπολυ

299 3478 502 3581 ἐγίγνοντο.
553 3487 729 3583 Virgilius
746 3489 930 3584 eleganter
946 3492 984 3560 et
1009 3486 1165 3560 breviter
1182 3487 1348 3562 omnium

298 3606 373 3679 fere
390 3607 523 3679 ducum
545 3607 620 3678 sata
642 3606 679 3678 in
697 3631 813 3678 unum
836 3605 954 3702 coegit
963 3612 985 3677 ⁰.
1039 3605 1182 3700 Ulyssis
1208 3607 1348 3681 reditus

299 3730 338 3797 et
367 3723 604 3797 diutmnitate
630 3725 805 3821 temporis
832 3733 869 3797 et
899 3749 1050 3797 casuum
1076 3723 1247 3798 varietate
1273 3749 1348 3821 prae

299 3841 436 3914 caeteris
467 3841 619 3936 insignis
650 3850 738 3928 erat,
762 3841 853 3912 adeo
882 3845 925 3913 ut
955 3840 1059 3913 facile
1087 3851 1183 3913 esset
1209 3841 1249 3913 in
1277 3841 1348 3916 hoc

298 3959 498 4031 enarrando
515 3983 558 4031 ea
575 3983 656 4056 quae
679 3957 757 4038 aliis
783 3957 989 4032 acciderant
1014 3957 1218 4032 immiscere
1235 3965 1274 4031 et
1290 3985 1348 4033 or·

298 4087 406 4148 natus
423 4077 539 4170 gratia
555 4077 736 4149 adhibere.

510 4343 522 4372 ⁰
541 4331 608 4393 Vid.
625 4336 747 4394 Arctet.
763 4333 834 4394 Est.
849 4335 974 4405 Nicone„
989 4333 1010 4394 l.
1026 4333 1044 4394 i.
1060 4354 1086 4394 c.
1104 4353 1130 4392 2.

376 4409 388 4442 ‘¹
411 4410 548 4489 Thucyd,
564 4411 584 4470 l.
599 4415 616 4469 i.
633 4433 659 4472 c.
678 4433 724 4471 12.
865 4425 877 4454 θ
896 4415 1026 4482 AEaeid.‚
1041 4417 1060 4473 l.
1076 4417 1117 4474 xi.
1134 4433 1149 4472 2
1155 4431 1200 4492 55,
1214 4415 1266 4474 de.
