3058 4908
489 341 702 394 amurcam
733 343 932 400 ornamur.
1177 334 1238 396 195

182 494 384 571 differentia
418 495 568 584 distant,
598 519 715 593 neque
745 501 828 569 tuto
862 497 938 592 ulla
965 496 1091 593 lingua
1119 519 1240 570 carere

180 620 302 710 potest
318 613 495 687 divisione
511 614 574 686 illa
590 612 762 710 praeteriti
778 614 953 711 temporis
978 614 1016 686 in
1034 612 1239 686 Perfectum

129 805 133 810 ,
181 736 219 802 et
252 713 500 804 indefinitum.
559 729 688 828 ltaque
722 730 819 828 apud
856 731 1000 805 Graecos
1034 731 1134 804 nulla
1169 729 1240 803 alia

181 857 348 944 tempora
386 845 640 945 frequentioris
676 859 764 921 sunt
798 873 898 922 usus.
954 846 1066 932 Quod
1105 847 1238 920 Modos

181 963 325 1051 attinet,
347 963 556 1061 Imperativi
586 974 730 1061 tempus
758 966 961 1062 perfectum
988 989 1062 1040 non
1090 988 1238 1062 prorsus

181 1080 278 1154 iners
304 1087 372 1170 est,
400 1082 471 1156 illis
492 1084 601 1156 rebus
624 1083 856 1170 attributum,
883 1108 965 1181 quae
989 1107 1074 1156 oum
1097 1105 1240 1156 summa

182 1199 404 1273 authoritate
431 1201 579 1274 sancitae
610 1207 696 1274 sunt
725 1202 835 1274 simul
862 1225 948 1274 cum
977 1202 1059 1299 ipso
1085 1199 1239 1296 imperio

182 1317 229 1392 ad
257 1317 368 1390 finem
398 1317 548 1416 perduci
574 1318 892 1392 videntur-unde
920 1344 942 1393 a
967 1317 1239 1392 Mathematicis

183 1446 366 1542 eleganter
398 1437 815 1547 usurpatur-Krialor
850 1433 1055 1547 γεγράφθω
1069 1437 1111 1530 ,ὁ
1146 1442 1236 1540 βγδ.

183 1565 604 1665 Plusquam·perfectum
632 1567 729 1640 ultra
746 1565 988 1640 Indicativum
1014 1590 1089 1639 non
1112 1566 1240 1638 defleo·

182 1688 268 1755 tunt
293 1683 411 1757 Graeci
437 1694 588 1781 propter
612 1683 712 1757 illam
738 1707 847 1780 quam
872 1684 911 1756 in
938 1682 1176 1780 Subjunotivo
1202 1688 1240 1756 et

184 1799 362 1896 Optativo
390 1825 476 1875 cum
503 1803 670 1876 Perfecto
697 1802 808 1876 habet
837 1802 1080 1901 propinquam
1107 1824 1239 1897 cogna-

182 1919 331 1992 tionem.
379 1919 555 1993 Infinitiri
574 1943 663 1995 usus
682 1945 767 1994 cum
785 1921 951 1994 Articulo
968 1922 1049 1994 loco
1066 1918 1238 1992 Nominis

183 2035 410 2110 Substantivi
434 2043 472 2111 et
497 2039 661 2111 veritatis
690 2045 745 2112 est
774 2046 813 2112 et
841 2039 1040 2134 elegantiae.
1093 2036 1239 2110 Etenim

183 2177 330 2227 necesse
353 2153 421 2226 erit
447 2155 783 2252 interloquendum
809 2156 1015 2252 frequenter
1031 2155 1147 2253 ipsam
1165 2154 1238 2227 Ao-

184 2273 326 2344 tionem
352 2273 412 2344 vel
438 2272 583 2368 Agendi
610 2279 831 2370 potestatem
861 2275 1011 2348 seorsim
1039 2283 1077 2346 at
1107 2298 1172 2371 per
1200 2296 1240 2346 se

183 2412 373 2486 usurpare,
401 2390 502 2463 nulla
527 2389 640 2486 ipsius
667 2391 822 2487 Agentis
848 2390 972 2464 habita
996 2390 1148 2477 ratione,
1173 2413 1240 2462 neo

184 2530 271 2580 vero
289 2507 409 2580 adhue
426 2507 527 2579 omni
544 2509 721 2606 temporis
738 2507 887 2582 notione
910 2508 1062 2582 sublata.
1116 2506 1241 2592 Quam

183 2624 289 2696 facile
314 2623 354 2697 in
381 2624 602 2699 Substantiae
621 2627 740 2700 vicem
766 2632 959 2699 transeunt
984 2649 1106 2698 rerum
1132 2623 1240 2696 Acci-

184 2740 307 2814 dentia
330 2765 375 2814 ex
401 2742 473 2816 boc
499 2744 661 2816 cernitur
677 2745 775 2840 quod
794 2751 851 2815 tot
878 2743 1116 2816 substantiva
1131 2741 1239 2813 babe-

183 2882 268 2931 mus
295 2884 375 2956 quae
402 2860 442 2932 in
469 2859 570 2933 omni
597 2862 723 2957 lingua
748 2860 896 2958 proprio
923 2883 1034 2933 seusu
1061 2857 1239 2932 Acciden-

182 2975 277 3048 tium
312 2975 462 3050 nomina
496 2984 593 3051 sunt.
649 2978 731 3051 Hoo
764 3003 851 3051 vero
885 2985 943 3050 est
980 2977 1017 3049 in
1052 2975 1131 3073 ipso
1166 2976 1240 3048 fere

183 3095 342 3167 transitu
379 3117 455 3166 rern
488 3095 632 3181 morari,
664 3102 701 3168 et
734 3096 772 3168 in
807 3097 888 3193 ipso
923 3119 1031 3169 eursu
1063 3118 1136 3190 quo
1165 3117 1240 3167 una

184 3209 376 3284 Orationis'
400 3235 484 3308 pars
515 3213 552 3283 in
583 3214 732 3286 alteram
762 3213 979 3286 transfertur
1006 3212 1240 3285 intervalium

183 3351 327 3406 sumere
351 3329 479 3425 inquo
504 3330 609 3402 sistat
634 3330 788 3403 animun.
843 3332 951 3429 Apud
970 3329 1116 3404 Graeeos
1141 3331 1240 3403 nullo

182 3447 306 3520 labore
338 3472 397 3520 res
432 3447 563 3542 agitur.
628 3447 783 3522 Articuli
819 3473 889 3545 ope
921 3450 980 3522 vel
1014 3448 1148 3521 Casum
1185 3451 1242 3520 rel

185 3560 312 3634 Genus
329 3561 453 3635 Verbo
472 3561 649 3647 tribuunt,
670 3564 758 3658 quin
781 3575 818 3636 et
835 3563 999 3636 Verbum
1018 3564 1138 3659 ipsum
1157 3585 1240 3634 cum

184 3689 263 3751 toto
294 3702 361 3752 auo
391 3678 568 3752 comitatu
599 3681 638 3752 in
668 3681 767 3753 huno
800 3705 909 3754 usum
939 3681 1103 3753 trabunt.
1156 3677 1241 3749 Toti

183 3797 373 3870 sententie
402 3797 580 3870 tribuitur
609 3795 811 3870 Articulua
863 3798 954 3870 'lota
986 3795 1165 3870 sententia
1198 3793 1243 3884 (si

182 3909 276 3984 forte
306 3911 407 3984 illam
436 3923 476 3985 ut
506 3935 601 4007 saepe
628 3912 671 3984 fit
699 3922 873 4008 tanquam
900 3936 977 3983 rem
1004 3934 1116 3982 unam
1141 3934 1240 3983 oom-

181 4029 367 4123 plectatur
383 4027 540 4118 animus)
561 4028 604 4101 fit
622 4029 719 4126 quod
738 4027 930 4102 dictionem
949 4026 1080 4099 attinet
1097 4026 1241 4099 Nomen

184 4143 477 4233 substantivum,
505 4152 544 4218 et
568 4145 685 4218 Casus
713 4142 943 4218 Nominativi
969 4142 1085 4216 vioem
1112 4167 1241 4239 gerens

182 4260 350 4336 Verbum
390 4284 501 4336 suum
544 4263 648 4360 regit,
689 4262 748 4334 vel
791 4263 830 4336 in
870 4263 941 4335 alio
982 4261 1111 4360 quovis
1154 4285 1241 4334 oasu

182 4404 205 4453 a
238 4379 362 4455 Verbo
396 4405 464 4455 suo
505 4387 570 4454 aut
603 4378 863 4476 Praepositione
898 4380 1045 4476 regitur.
1111 4378 1240 4473 Itaque

602 4492 605 4503 ’
690 4501 754 4569 02
