3094 4898
580 301 793 350 rfflnnorro
814 295 938 350 cnara.
1225 275 1287 340 103

233 447 403 545 pabant',
436 470 552 544 neque
579 448 766 522 arboribus
793 448 1021 522 conserendis
1047 473 1194 546 operam
1226 451 1288 524 da-

232 565 323 638 bant
333 560 354 650 ‘‚
395 587 462 637 nec
480 587 566 637 vero
583 563 703 637 adhuc
719 563 837 638 Taciti
855 571 961 638 aetate
989 565 1028 637 in
1043 566 1150 640 urbes
1167 569 1285 641 coacti

234 689 339 757 erant
349 690 374 754 ¹¹.
429 684 516 758 Erat
534 685 689 780 denique
706 684 745 757 in
762 686 841 782 ipso
858 684 958 758 victu
976 691 1012 758 et
1027 685 1175 775 vestitu,
1194 694 1231 761 et
1248 689 1285 760 in

233 800 415 898 plerisque
431 801 558 874 minus
570 802 717 875 exculta
732 801 816 875 vitae
842 801 956 889 ratio;
984 826 1052 876 nec
1068 828 1154 876 vero
1179 829 1287 899 nega-

234 915 350 988 verim
378 924 546 990 veterum
576 916 843 992 Germanorum
873 924 1049 1013 posteros,
1081 943 1143 992 eos
1177 922 1286 995 etiam

235 1032 298 1127 qui
331 1031 370 1104 in
405 1033 481 1106 suis
515 1031 648 1107 tinibus
682 1040 971 1131 permanserunt,
1000 1058 1118 1132 neque
1151 1036 1287 1110 alienos

235 1173 354 1222 mores
371 1151 644 1238 affectaverunt,
662 1150 819 1224 inomni
837 1151 912 1223 vita
935 1175 1087 1249 magnos
1104 1153 1286 1249 profectus

234 1262 373 1352 secisse,
404 1273 443 1338 et
476 1267 566 1340 adeo
600 1264 732 1341 minori
764 1265 954 1340 interuallo
988 1291 1010 1340 a
1046 1268 1182 1343 Graecis
1216 1270 1286 1344 dis-

231 1379 380 1475 junctos
397 1405 487 1456 esse.
900 1413 902 1416 ·

287 1497 332 1569 In
349 1496 406 1571 his
423 1498 534 1593 igitur
550 1497 658 1571 rebus
674 1499 903 1595 Argumento
923 1498 1009 1573 huic
1034 1509 1160 1575 nostro
1177 1504 1287 1577 finem

234 1609 351 1686 lacere
377 1613 475 1687 libet.
539 1613 682 1688 Possim
715 1614 862 1711 quidem
891 1613 1077 1712 indigenas
1107 1619 1286 1694 Americae

234 1725 370 1802 incolas
387 1729 433 1802 ad
450 1753 601 1804 examen
623 1754 812 1819 revocare;
839 1755 994 1827 quorum
1013 1717 1135 1807 tamen
1156 1760 1288 1831 magna

234 1866 318 1939 pars
335 1845 486 1920 eandem
499 1871 609 1943 quam
623 1845 784 1922 Orientis
800 1848 927 1944 populi
953 1849 1163 1923 servitutem
1181 1876 1288 1949 passa

235 1971 312 2052 θεῖς
343 1961 463 2036 caeteri
487 1964 528 2035 in
554 1963 761 2037 humaniori
787 1965 865 2036 vita
889 1989 1019 2061 parum
1044 1966 1286 2062 profecerunt,

235 2101 352 2175 neque
381 2078 412 2152 si
441 2079 535 2154 sorte
564 2082 741 2153 nonnulla
769 2081 867 2177 apud
896 2105 957 2155 eos
987 2082 1110 2178 magni
1140 2090 1177 2156 et
1204 2086 1289 2159 elati

235 2193 346 2268 animi
370 2193 505 2268 indicia
529 2195 745 2270 invenienda
770 2205 869 2284 sunt,
894 2196 1027 2272 idcirco
1053 2223 1137 2272 cum
1164 2201 1208 2274 iis
1232 2227 1289 2276 res

234 2315 302 2398 cst,
328 2310 391 2407 qui
416 2311 556 2385 labores
578 2335 728 2408 prorsus
752 2313 948 2410 refugiunt,
974 2338 1091 2411 neque
1116 2317 1229 2390 ullam
1251 2316 1290 2391 in

234 2427 372 2500 artibus
388 2428 548 2502 colendis
565 2453 713 2525 operam
729 2435 894 2525 ponunt;
924 2430 1055 2525 quibus
1073 2432 1228 2529 denique
1246 2459 1289 2508 ea

234 2543 319 2617 vitae
335 2543 470 2633 feritas,
489 2570 570 2642 quae
588 2545 697 2618 nullis
714 2545 854 2642 legibus
873 2547 1028 2620 coerceri
1046 2549 1136 2620 vult.

285 2657 449 2734 Fuerunt
473 2659 601 2757 itaque¹
623 2660 786 2736 Homero
813 2663 973 2736 subsidia
1000 2687 1081 2758 quae
1109 2663 1176 2736 sibi
1203 2689 1288 2737 cum

235 2775 361 2849 multis
377 2776 454 2849 aliis
477 2776 685 2851 communia
707 2784 806 2866 sunt,
830 2802 916 2852 cum
942 2778 986 2850 iis
1014 2779 1153 2852 scilicet
1178 2781 1289 2877 scrip-

234 2891 386 2980 toribus,
413 2892 544 2989 quibus
571 2917 614 2966 ea
648 2899 736 2967 aetas
763 2892 903 2989 obtigit,
930 2893 969 2966 in
996 2918 1068 2990 qua
1094 2896 1177 2968 vitae
1208 2895 1287 2969 Hu-

234 3007 389 3084 manitas
412 3009 583 3083 inchoata
605 3010 668 3084 sed
696 3011 859 3084 nondum
882 3020 1005 3084 tamen
1028 2995 1196 3085 absoluta
1219 3021 1288 3087 est.

234 3124 469 3222 Magnienim
489 3127 652 3234 interest,
667 3151 835 3223 quaenam
847 3127 932 3201 vitae
943 3128 1112 3202 humanae
1125 3129 1233 3203 facies
1251 3135 1288 3202 et

232 3239 352 3338 imago
366 3247 450 3316 ante
463 3245 590 3317 oculos
601 3245 824 3317 obversatur.
876 3244 964 3317 Non
974 3244 1119 3317 aliunde
1133 3245 1289 3341 petenda

234 3368 290 3431 est
306 3359 468 3455 supellex
482 3383 554 3457 quo
569 3359 769 3434 instructus
783 3361 829 3434 ad
845 3361 1078 3434 scribendum
1090 3384 1129 3433 se
1146 3361 1287 3434 confert

235 3475 368 3560 Poeta3
397 3499 515 3573 neque
544 3477 589 3549 ad
621 3476 721 3550 aliud
755 3478 938 3574 exemplar
964 3477 1153 3549 materiem
1184 3501 1287 3549 suam

233 3591 349 3686 fingit,
372 3591 463 3664 adeo
486 3601 528 3664 ut
553 3615 770 3689 quacunque
796 3599 969 3689 evagetur
992 3592 1135 3665 animus
1159 3591 1289 3663 verita-

232 3715 307 3780 tem
337 3712 462 3780 tamcn
484 3713 633 3780 tueatur
661 3714 699 3780 et
725 3706 822 3782 intra
851 3731 932 3782 eam
962 3707 1149 3794 consistat.
1203 3706 1287 3780 Jam

232 3846 320 3895 vero
345 3821 384 3894 in
411 3823 480 3896 hoc
509 3847 618 3920 quem
648 3823 806 3897 diximus
836 3848 958 3896 rerum
991 3829 1090 3895 statu
1125 3823 1288 3896 nondum

231 3936 417 4035 perpolitis
442 3940 605 4013 moribus
627 3949 795 4012 naturam
821 3939 1070 4035 incorruptam
1097 3937 1229 4010 intueri
1254 3951 1292 4012 et

231 4057 469 4154 contemplari
497 4058 551 4132 fas
570 4068 645 4132 ⁴est.
687 4058 743 4131 Ex
770 4058 840 4131 hoc
866 4081 1034 4132 eruamus
1062 4080 1207 4130 necesse
1233 4067 1290 4131 est

269 4285 414 4346 ‘Tacitus
427 4281 606 4344 deMortbur
618 4281 865 4354 Garamas.
906 4279 1007 4342 tlbirl.
1048 4277 1168 4352 uIbid.‚
1180 4280 1265 4338 c.16.
