<?xml version="1.0" encoding="UTF-8"?>
<!DOCTYPE html PUBLIC "-//W3C//DTD XHTML 1.0 Transitional//EN"
    "http://www.w3.org/TR/xhtml1/DTD/xhtml1-transitional.dtd">
<html xmlns="http://www.w3.org/1999/xhtml" xml:lang="en" lang="en">
 <head>
  <title>
</title>
<meta http-equiv="Content-Type" content="text/html;charset=utf-8" />
  <meta name='ocr-system' content='tesseract 3.04.00' />
  <meta name='ocr-capabilities' content='ocr_page ocr_carea ocr_par ocr_line ocrx_word'/>
</head>
<body>
  <div class='ocr_page' id='page_1' title='image "./prlectionesacad00randgoog_0050.png"; bbox 0 0 3096 4886; ppageno 0'>
   <div class='ocr_carea' id='block_1_1' title="bbox 272 293 989 366">
    <p class='ocr_par' dir='ltr' id='par_1_1' title="bbox 272 293 989 366">
     <span class='ocr_line' id='line_1_1' title="bbox 272 293 989 366; baseline -0.007 1"><span class='ocrx_word' id='word_1_1' title='bbox 272 293 318 356; x_wconf 77' lang='lat'><strong>40</strong></span> <span class='ocrx_word' id='word_1_2' title='bbox 611 313 825 366; x_wconf 69' lang='lat' dir='ltr'><strong>runnnorro</strong></span> <span class='ocrx_word' id='word_1_3' title='bbox 850 313 989 362; x_wconf 76' lang='lat' dir='ltr'><strong>runrrr.</strong></span> 
     </span>
    </p>
   </div>
   <div class='ocr_carea' id='block_1_2' title="bbox 273 460 1338 3817">
    <p class='ocr_par' dir='ltr' id='par_1_2' title="bbox 273 460 1334 1132">
     <span class='ocr_line' id='line_1_2' title="bbox 275 460 1334 559; baseline 0 -23"><span class='ocrx_word' id='word_1_4' title='bbox 275 461 456 536; x_wconf 88' lang='lat' dir='ltr'><strong>servantia</strong></span> <span class='ocrx_word' id='word_1_5' title='bbox 472 485 597 559; x_wconf 81' lang='lat' dir='ltr'><strong>regem</strong></span> <span class='ocrx_word' id='word_1_6' title='bbox 614 486 722 537; x_wconf 88' lang='lat' dir='ltr'><strong>suum</strong></span> <span class='ocrx_word' id='word_1_7' title='bbox 745 461 926 550; x_wconf 85' lang='lat' dir='ltr'><strong>colebant,</strong></span> <span class='ocrx_word' id='word_1_8' title='bbox 944 460 1100 535; x_wconf 86' lang='lat' dir='ltr'><strong>inertem</strong></span> <span class='ocrx_word' id='word_1_9' title='bbox 1123 469 1161 534; x_wconf 85' lang='lat' dir='ltr'><strong>et</strong></span> <span class='ocrx_word' id='word_1_10' title='bbox 1184 461 1334 536; x_wconf 73' lang='lat' dir='ltr'><strong>desidiae</strong></span> 
     </span>
     <span class='ocr_line' id='line_1_3' title="bbox 274 577 1334 677; baseline 0.002 -25"><span class='ocrx_word' id='word_1_11' title='bbox 274 577 439 652; x_wconf 90' lang='lat' dir='ltr'><strong>deditum</strong></span> <span class='ocrx_word' id='word_1_12' title='bbox 465 603 540 652; x_wconf 93' lang='lat' dir='ltr'><strong>non</strong></span> <span class='ocrx_word' id='word_1_13' title='bbox 565 579 670 654; x_wconf 82' lang='lat' dir='ltr'><strong>facile</strong></span> <span class='ocrx_word' id='word_1_14' title='bbox 696 579 940 677; x_wconf 86' lang='lat' dir='ltr'><strong>patiebantur,</strong></span> <span class='ocrx_word' id='word_1_15' title='bbox 967 577 1212 675; x_wconf 86' lang='lat' dir='ltr'><strong>nequeenim</strong></span> <span class='ocrx_word' id='word_1_16' title='bbox 1241 586 1334 654; x_wconf 89' lang='lat' dir='ltr'><strong>tunc</strong></span> 
     </span>
     <span class='ocr_line' id='line_1_4' title="bbox 273 695 1333 794; baseline 0.001 -25"><span class='ocrx_word' id='word_1_17' title='bbox 273 695 448 792; x_wconf 84' lang='lat' dir='ltr'><strong>temporis</strong></span> <span class='ocrx_word' id='word_1_18' title='bbox 474 697 735 792; x_wconf 78' lang='lat' dir='ltr'><strong>ignorabantur</strong></span> <span class='ocrx_word' id='word_1_19' title='bbox 756 695 929 794; x_wconf 86' lang='lat' dir='ltr'><strong>principis</strong></span> <span class='ocrx_word' id='word_1_20' title='bbox 952 719 1039 793; x_wconf 85' lang='lat' dir='ltr'><strong>erga</strong></span> <span class='ocrx_word' id='word_1_21' title='bbox 1060 696 1228 770; x_wconf 87' lang='lat' dir='ltr'><strong>subditos</strong></span> <span class='ocrx_word' id='word_1_22' title='bbox 1245 720 1333 771; x_wconf 84' lang='lat' dir='ltr'><strong>suos</strong></span> 
     </span>
     <span class='ocr_line' id='line_1_5' title="bbox 275 811 491 886; baseline 0 0"><span class='ocrx_word' id='word_1_23' title='bbox 275 811 415 886; x_wconf 76' lang='lat' dir='ltr'><strong>officia&#39;</strong></span> <span class='ocrx_word' id='word_1_24' title='bbox 428 843 491 886; x_wconf 75' lang='grc' dir='ltr'><strong>ι·-</strong></span> 
     </span>
     <span class='ocr_line' id='line_1_6' title="bbox 431 963 1066 1040; baseline 0.003 -21"><span class='ocrx_word' id='word_1_25' title='bbox 431 971 474 1040; x_wconf 52' lang='lat' dir='ltr'><strong>Tei</strong></span> <span class='ocrx_word' id='word_1_26' title='bbox 487 966 531 1019; x_wconf 75' lang='lat' dir='ltr'><strong>vt·</strong></span> <span class='ocrx_word' id='word_1_27' title='bbox 544 965 596 1036; x_wconf 71' lang='grc' dir='ltr'><strong>χρὴ</strong></span> <span class='ocrx_word' id='word_1_28' title='bbox 611 966 730 1020; x_wconf 69' lang='grc' dir='ltr'>Λυκίοισι</span> <span class='ocrx_word' id='word_1_29' title='bbox 742 963 806 1032; x_wconf 69' lang='grc' dir='ltr'><strong>μέτα</strong></span> <span class='ocrx_word' id='word_1_30' title='bbox 819 965 963 1034; x_wconf 68' lang='grc' dir='ltr'><strong>πρότασιν</strong></span> <span class='ocrx_word' id='word_1_31' title='bbox 976 963 1066 1021; x_wconf 64' lang='grc' dir='ltr'><strong>ὅποι</strong></span> 
     </span>
     <span class='ocr_line' id='line_1_7' title="bbox 433 1057 1101 1132; baseline -0.004 -16"><span class='ocrx_word' id='word_1_32' title='bbox 433 1059 581 1130; x_wconf 52' lang='lat' dir='ltr'><strong>‘ambert</strong></span> <span class='ocrx_word' id='word_1_33' title='bbox 594 1057 639 1129; x_wconf 70' lang='grc' dir='ltr'><strong>ἠδὲ</strong></span> <span class='ocrx_word' id='word_1_34' title='bbox 652 1061 738 1132; x_wconf 67' lang='grc' dir='ltr'><strong><em>μάχης</em></strong></span> <span class='ocrx_word' id='word_1_35' title='bbox 751 1061 905 1132; x_wconf 59' lang='lat' dir='ltr'><strong>coemptis</strong></span> <span class='ocrx_word' id='word_1_36' title='bbox 917 1058 1101 1130; x_wconf 68' lang='grc' dir='ltr'>ἅπαβολῆσοι.</span> 
     </span>
    </p>

    <p class='ocr_par' dir='ltr' id='par_1_3' title="bbox 274 1201 1338 3297">
     <span class='ocr_line' id='line_1_8' title="bbox 277 1201 1334 1300; baseline 0.003 -25"><span class='ocrx_word' id='word_1_37' title='bbox 277 1202 398 1299; x_wconf 82' lang='lat' dir='ltr'><strong>Atque</strong></span> <span class='ocrx_word' id='word_1_38' title='bbox 424 1201 484 1276; x_wconf 92' lang='lat' dir='ltr'><strong>ille</strong></span> <span class='ocrx_word' id='word_1_39' title='bbox 514 1203 662 1300; x_wconf 90' lang='lat' dir='ltr'><strong>quidem</strong></span> <span class='ocrx_word' id='word_1_40' title='bbox 692 1202 737 1275; x_wconf 90' lang='lat' dir='ltr'><strong>de</strong></span> <span class='ocrx_word' id='word_1_41' title='bbox 766 1202 895 1275; x_wconf 87' lang='lat' dir='ltr'><strong>bellica</strong></span> <span class='ocrx_word' id='word_1_42' title='bbox 923 1202 1138 1276; x_wconf 85' lang='lat' dir='ltr'><strong>fortitudine</strong></span> <span class='ocrx_word' id='word_1_43' title='bbox 1163 1208 1202 1276; x_wconf 89' lang='lat' dir='ltr'><strong>ct</strong></span> <span class='ocrx_word' id='word_1_44' title='bbox 1231 1203 1334 1278; x_wconf 87' lang='lat' dir='ltr'><strong>ducis</strong></span> 
     </span>
     <span class='ocr_line' id='line_1_9' title="bbox 276 1329 1333 1429; baseline -0.002 -25"><span class='ocrx_word' id='word_1_45' title='bbox 276 1331 417 1417; x_wconf 89' lang='lat' dir='ltr'><strong>officio;</strong></span> <span class='ocrx_word' id='word_1_46' title='bbox 445 1330 508 1404; x_wconf 88' lang='lat' dir='ltr'><strong>sed</strong></span> <span class='ocrx_word' id='word_1_47' title='bbox 528 1329 729 1428; x_wconf 88' lang='lat' dir='ltr'><strong>Epitheton</strong></span> <span class='ocrx_word' id='word_1_48' title='bbox 754 1331 846 1405; x_wconf 93' lang='lat' dir='ltr'><strong>illud</strong></span> <span class='ocrx_word' id='word_1_49' title='bbox 867 1332 978 1405; x_wconf 86' lang='lat' dir='ltr'><strong>toties</strong></span> <span class='ocrx_word' id='word_1_50' title='bbox 1001 1337 1233 1429; x_wconf 86' lang='lat' dir='ltr'><strong>usurpatum,</strong></span> <span class='ocrx_word' id='word_1_51' title='bbox 1251 1356 1333 1403; x_wconf 85' lang='grc' dir='ltr'>ποι-</span> 
     </span>
     <span class='ocr_line' id='line_1_10' title="bbox 274 1452 1335 1559; baseline 0.004 -29"><span class='ocrx_word' id='word_1_52' title='bbox 274 1452 370 1552; x_wconf 80' lang='grc' dir='ltr'>μένα</span> <span class='ocrx_word' id='word_1_53' title='bbox 404 1457 521 1548; x_wconf 83' lang='grc' dir='ltr'>λαῶν,</span> <span class='ocrx_word' id='word_1_54' title='bbox 559 1460 670 1533; x_wconf 90' lang='lat' dir='ltr'><strong>latius</strong></span> <span class='ocrx_word' id='word_1_55' title='bbox 703 1460 879 1558; x_wconf 88' lang='lat' dir='ltr'><strong>pertingit</strong></span> <span class='ocrx_word' id='word_1_56' title='bbox 891 1492 900 1549; x_wconf 92' lang='lat'>;</span> <span class='ocrx_word' id='word_1_57' title='bbox 945 1484 1019 1559; x_wconf 91' lang='lat' dir='ltr'><strong>quo</strong></span> <span class='ocrx_word' id='word_1_58' title='bbox 1052 1465 1150 1534; x_wconf 78' lang='lat' dir='ltr'><strong>certe</strong></span> <span class='ocrx_word' id='word_1_59' title='bbox 1187 1461 1335 1534; x_wconf 90' lang='lat' dir='ltr'><strong>nomine</strong></span> 
     </span>
     <span class='ocr_line' id='line_1_11' title="bbox 275 1575 1332 1675; baseline -0.001 -25"><span class='ocrx_word' id='word_1_60' title='bbox 275 1576 411 1650; x_wconf 88' lang='lat' dir='ltr'><strong>summi</strong></span> <span class='ocrx_word' id='word_1_61' title='bbox 420 1575 640 1675; x_wconf 87' lang='lat' dir='ltr'><strong>philosophi,</strong></span> <span class='ocrx_word' id='word_1_62' title='bbox 652 1576 1051 1674; x_wconf 85' lang='lat' dir='ltr'><strong>Xenophontem&#39;dico</strong></span> <span class='ocrx_word' id='word_1_63' title='bbox 1063 1584 1102 1651; x_wconf 88' lang='lat' dir='ltr'><strong>et</strong></span> <span class='ocrx_word' id='word_1_64' title='bbox 1115 1575 1332 1665; x_wconf 74' lang='lat' dir='ltr'><strong>Platonem²,</strong></span> 
     </span>
     <span class='ocr_line' id='line_1_12' title="bbox 277 1692 1334 1791; baseline -0.001 -24"><span class='ocrx_word' id='word_1_65' title='bbox 277 1693 457 1767; x_wconf 85' lang='lat' dir='ltr'><strong>contineri</strong></span> <span class='ocrx_word' id='word_1_66' title='bbox 474 1693 606 1766; x_wconf 87' lang='lat' dir='ltr'><strong>volunt</strong></span> <span class='ocrx_word' id='word_1_67' title='bbox 631 1718 778 1767; x_wconf 91' lang='lat' dir='ltr'><strong>omnem</strong></span> <span class='ocrx_word' id='word_1_68' title='bbox 804 1695 905 1768; x_wconf 88' lang='lat' dir='ltr'><strong>illam</strong></span> <span class='ocrx_word' id='word_1_69' title='bbox 930 1695 1114 1768; x_wconf 79' lang='lat' dir='ltr'><strong>assiduam</strong></span> <span class='ocrx_word' id='word_1_70' title='bbox 1135 1703 1171 1768; x_wconf 90' lang='lat' dir='ltr'><strong>et</strong></span> <span class='ocrx_word' id='word_1_71' title='bbox 1188 1692 1334 1791; x_wconf 85' lang='lat' dir='ltr'><strong>vigilem</strong></span> 
     </span>
     <span class='ocr_line' id='line_1_13' title="bbox 276 1810 1334 1909; baseline 0 -25"><span class='ocrx_word' id='word_1_72' title='bbox 276 1832 403 1884; x_wconf 87' lang='lat' dir='ltr'><strong>curam</strong></span> <span class='ocrx_word' id='word_1_73' title='bbox 437 1834 509 1908; x_wconf 89' lang='lat' dir='ltr'><strong>qua</strong></span> <span class='ocrx_word' id='word_1_74' title='bbox 541 1811 660 1884; x_wconf 88' lang='lat' dir='ltr'><strong>bonus</strong></span> <span class='ocrx_word' id='word_1_75' title='bbox 694 1811 863 1909; x_wconf 84' lang='lat' dir='ltr'><strong>princeps</strong></span> <span class='ocrx_word' id='word_1_76' title='bbox 896 1810 1104 1909; x_wconf 85' lang='lat' dir='ltr'><strong>prospiciat,</strong></span> <span class='ocrx_word' id='word_1_77' title='bbox 1136 1820 1179 1884; x_wconf 90' lang='lat' dir='ltr'><strong>ut</strong></span> <span class='ocrx_word' id='word_1_78' title='bbox 1207 1835 1334 1884; x_wconf 87' lang='lat' dir='ltr'><strong>omnes</strong></span> 
     </span>
     <span class='ocr_line' id='line_1_14' title="bbox 275 1926 1332 2025; baseline 0.002 -25"><span class='ocrx_word' id='word_1_79' title='bbox 275 1926 402 2001; x_wconf 88' lang='lat' dir='ltr'><strong>ditioni</strong></span> <span class='ocrx_word' id='word_1_80' title='bbox 420 1951 496 2002; x_wconf 84' lang='lat' dir='ltr'><strong>suae</strong></span> <span class='ocrx_word' id='word_1_81' title='bbox 518 1926 671 2024; x_wconf 84' lang='lat' dir='ltr'><strong>subjecti</strong></span> <span class='ocrx_word' id='word_1_82' title='bbox 694 1952 805 2025; x_wconf 86' lang='lat' dir='ltr'><strong>quarn</strong></span> <span class='ocrx_word' id='word_1_83' title='bbox 829 1929 987 2001; x_wconf 90' lang='lat' dir='ltr'><strong>maxime</strong></span> <span class='ocrx_word' id='word_1_84' title='bbox 1004 1927 1100 2001; x_wconf 88' lang='lat' dir='ltr'><strong>beati</strong></span> <span class='ocrx_word' id='word_1_85' title='bbox 1116 1926 1332 2002; x_wconf 87' lang='lat' dir='ltr'><strong>efficiantur.</strong></span> 
     </span>
     <span class='ocr_line' id='line_1_15' title="bbox 276 2043 1334 2142; baseline 0 -25"><span class='ocrx_word' id='word_1_86' title='bbox 276 2043 379 2118; x_wconf 88' lang='lat' dir='ltr'><strong>Idem</strong></span> <span class='ocrx_word' id='word_1_87' title='bbox 397 2044 631 2142; x_wconf 71' lang='lat' dir='ltr'><strong>Xenophonu</strong></span> <span class='ocrx_word' id='word_1_88' title='bbox 647 2069 693 2117; x_wconf 88' lang='lat' dir='ltr'><strong>ex</strong></span> <span class='ocrx_word' id='word_1_89' title='bbox 718 2043 914 2118; x_wconf 88' lang='lat' dir='ltr'><strong>Homerica</strong></span> <span class='ocrx_word' id='word_1_90' title='bbox 937 2044 1225 2141; x_wconf 83' lang='lat' dir='ltr'><strong>Agamemnonis</strong></span> <span class='ocrx_word' id='word_1_91' title='bbox 1251 2069 1334 2141; x_wconf 91' lang='lat' dir='ltr'><strong>per-</strong></span> 
     </span>
     <span class='ocr_line' id='line_1_16' title="bbox 277 2159 1335 2258; baseline 0 -24"><span class='ocrx_word' id='word_1_92' title='bbox 277 2184 368 2234; x_wconf 89' lang='lat' dir='ltr'><strong>sona</strong></span> <span class='ocrx_word' id='word_1_93' title='bbox 392 2163 589 2236; x_wconf 89' lang='lat' dir='ltr'><strong>eruendam</strong></span> <span class='ocrx_word' id='word_1_94' title='bbox 614 2184 692 2234; x_wconf 89' lang='lat' dir='ltr'><strong>esse</strong></span> <span class='ocrx_word' id='word_1_95' title='bbox 718 2170 843 2235; x_wconf 88' lang='lat' dir='ltr'><strong>censet</strong></span> <span class='ocrx_word' id='word_1_96' title='bbox 870 2159 1110 2258; x_wconf 80' lang='lat' dir='ltr'><strong>multiplicem</strong></span> <span class='ocrx_word' id='word_1_97' title='bbox 1137 2159 1237 2233; x_wconf 90' lang='lat' dir='ltr'><strong>illam</strong></span> <span class='ocrx_word' id='word_1_98' title='bbox 1267 2160 1335 2234; x_wconf 88' lang='lat' dir='ltr'><strong>sci·</strong></span> 
     </span>
     <span class='ocr_line' id='line_1_17' title="bbox 277 2275 1335 2374; baseline 0 -24"><span class='ocrx_word' id='word_1_99' title='bbox 277 2277 413 2350; x_wconf 86' lang='lat' dir='ltr'><strong>entiam</strong></span> <span class='ocrx_word' id='word_1_100' title='bbox 431 2283 468 2350; x_wconf 92' lang='lat' dir='ltr'><strong>et</strong></span> <span class='ocrx_word' id='word_1_101' title='bbox 485 2275 634 2351; x_wconf 88' lang='lat' dir='ltr'><strong>eximias</strong></span> <span class='ocrx_word' id='word_1_102' title='bbox 652 2277 842 2351; x_wconf 79' lang='lat' dir='ltr'><strong>facultates</strong></span> <span class='ocrx_word' id='word_1_103' title='bbox 866 2301 947 2374; x_wconf 83' lang='lat' dir='ltr'><strong>quae</strong></span> <span class='ocrx_word' id='word_1_104' title='bbox 970 2277 1085 2349; x_wconf 89' lang='lat' dir='ltr'><strong>arduo</strong></span> <span class='ocrx_word' id='word_1_105' title='bbox 1105 2277 1335 2372; x_wconf 85' lang='lat' dir='ltr'><strong>imperatoris</strong></span> 
     </span>
     <span class='ocr_line' id='line_1_18' title="bbox 277 2391 1334 2492; baseline 0 -28"><span class='ocrx_word' id='word_1_106' title='bbox 277 2393 394 2466; x_wconf 89' lang='lat' dir='ltr'><strong>officio</strong></span> <span class='ocrx_word' id='word_1_107' title='bbox 420 2417 497 2466; x_wconf 93' lang='lat' dir='ltr'><strong>non</strong></span> <span class='ocrx_word' id='word_1_108' title='bbox 521 2393 678 2492; x_wconf 87' lang='lat' dir='ltr'><strong>impares</strong></span> <span class='ocrx_word' id='word_1_109' title='bbox 704 2393 788 2467; x_wconf 90' lang='lat' dir='ltr'><strong>sint.</strong></span> <span class='ocrx_word' id='word_1_110' title='bbox 840 2393 926 2466; x_wconf 88' lang='lat' dir='ltr'><strong>Jam</strong></span> <span class='ocrx_word' id='word_1_111' title='bbox 952 2417 1038 2466; x_wconf 90' lang='lat' dir='ltr'><strong>vero</strong></span> <span class='ocrx_word' id='word_1_112' title='bbox 1063 2416 1144 2468; x_wconf 89' lang='lat' dir='ltr'><strong>eam</strong></span> <span class='ocrx_word' id='word_1_113' title='bbox 1169 2391 1259 2464; x_wconf 92' lang='lat' dir='ltr'><strong>mibi</strong></span> <span class='ocrx_word' id='word_1_114' title='bbox 1282 2393 1334 2465; x_wconf 83' lang='lat' dir='ltr'><strong>es·</strong></span> 
     </span>
     <span class='ocr_line' id='line_1_19' title="bbox 276 2509 1337 2610; baseline -0.001 -26"><span class='ocrx_word' id='word_1_115' title='bbox 276 2509 425 2584; x_wconf 86' lang='lat' dir='ltr'><strong>finxisse</strong></span> <span class='ocrx_word' id='word_1_116' title='bbox 457 2510 584 2584; x_wconf 85' lang='lat' dir='ltr'><strong>videor</strong></span> <span class='ocrx_word' id='word_1_117' title='bbox 612 2510 700 2607; x_wconf 83' lang='lat' dir='ltr'><strong>regii</strong></span> <span class='ocrx_word' id='word_1_118' title='bbox 729 2510 873 2610; x_wconf 90' lang='lat' dir='ltr'><strong>imperii</strong></span> <span class='ocrx_word' id='word_1_119' title='bbox 906 2511 1063 2585; x_wconf 88' lang='lat' dir='ltr'><strong>sormam</strong></span> <span class='ocrx_word' id='word_1_120' title='bbox 1091 2535 1203 2608; x_wconf 89' lang='lat' dir='ltr'><strong>quam</strong></span> <span class='ocrx_word' id='word_1_121' title='bbox 1227 2515 1337 2583; x_wconf 89' lang='lat' dir='ltr'><strong>vocat</strong></span> 
     </span>
     <span class='ocr_line' id='line_1_20' title="bbox 276 2627 1334 2739; baseline -0.002 -25"><span class='ocrx_word' id='word_1_122' title='bbox 276 2641 507 2739; x_wconf 87' lang='lat' dir='ltr'><strong>Thucydides</strong></span> <span class='ocrx_word' id='word_1_123' title='bbox 525 2635 585 2713; x_wconf 79' lang='grc' dir='ltr'><strong>ἐπὶ</strong></span> <span class='ocrx_word' id='word_1_124' title='bbox 602 2635 728 2737; x_wconf 76' lang='grc' dir='ltr'>ῥητοῖς·</span> <span class='ocrx_word' id='word_1_125' title='bbox 744 2631 881 2738; x_wconf 74' lang='grc' dir='ltr'>γέρασι</span> <span class='ocrx_word' id='word_1_126' title='bbox 897 2627 1081 2736; x_wconf 79' lang='grc' dir='ltr'>πατρικὴν</span> <span class='ocrx_word' id='word_1_127' title='bbox 1097 2633 1334 2730; x_wconf 69' lang='grc' dir='ltr'>βασίλειαν’,</span> 
     </span>
     <span class='ocr_line' id='line_1_21' title="bbox 278 2758 1337 2857; baseline 0 -25"><span class='ocrx_word' id='word_1_128' title='bbox 278 2759 382 2856; x_wconf 86' lang='lat' dir='ltr'><strong>cujus</strong></span> <span class='ocrx_word' id='word_1_129' title='bbox 408 2760 555 2857; x_wconf 90' lang='lat' dir='ltr'><strong>quidem</strong></span> <span class='ocrx_word' id='word_1_130' title='bbox 580 2759 619 2831; x_wconf 95' lang='lat' dir='ltr'><strong>in</strong></span> <span class='ocrx_word' id='word_1_131' title='bbox 645 2758 764 2831; x_wconf 85' lang='lat' dir='ltr'><strong>biset</strong></span> <span class='ocrx_word' id='word_1_132' title='bbox 790 2759 827 2832; x_wconf 93' lang='lat' dir='ltr'><strong>in</strong></span> <span class='ocrx_word' id='word_1_133' title='bbox 854 2758 933 2831; x_wconf 86' lang='lat' dir='ltr'><strong>aliis</strong></span> <span class='ocrx_word' id='word_1_134' title='bbox 959 2759 1067 2832; x_wconf 84' lang='lat' dir='ltr'><strong>rebus</strong></span> <span class='ocrx_word' id='word_1_135' title='bbox 1092 2758 1248 2832; x_wconf 88' lang='lat' dir='ltr'><strong>libenter</strong></span> <span class='ocrx_word' id='word_1_136' title='bbox 1271 2782 1337 2832; x_wconf 89' lang='lat' dir='ltr'><strong>au·</strong></span> 
     </span>
     <span class='ocr_line' id='line_1_22' title="bbox 277 2875 1338 2974; baseline 0.001 -25"><span class='ocrx_word' id='word_1_137' title='bbox 277 2876 490 2950; x_wconf 87' lang='lat' dir='ltr'><strong>thoritatem</strong></span> <span class='ocrx_word' id='word_1_138' title='bbox 524 2901 675 2974; x_wconf 89' lang='lat' dir='ltr'><strong>sequor;</strong></span> <span class='ocrx_word' id='word_1_139' title='bbox 718 2875 811 2950; x_wconf 92' lang='lat' dir='ltr'><strong>illud</strong></span> <span class='ocrx_word' id='word_1_140' title='bbox 844 2875 1030 2950; x_wconf 87' lang='lat' dir='ltr'><strong>monuisse</strong></span> <span class='ocrx_word' id='word_1_141' title='bbox 1070 2883 1266 2950; x_wconf 85' lang='lat' dir='ltr'><strong>contentus</strong></span> <span class='ocrx_word' id='word_1_142' title='bbox 1299 2881 1338 2950; x_wconf 85' lang='lat' dir='ltr'><strong>et</strong></span> 
     </span>
     <span class='ocr_line' id='line_1_23' title="bbox 279 2992 1338 3089; baseline 0.002 -25"><span class='ocrx_word' id='word_1_143' title='bbox 279 2992 382 3089; x_wconf 90' lang='lat' dir='ltr'><strong>quasi</strong></span> <span class='ocrx_word' id='word_1_144' title='bbox 407 2992 519 3086; x_wconf 86' lang='lat' dir='ltr'><strong>digito</strong></span> <span class='ocrx_word' id='word_1_145' title='bbox 546 2993 814 3066; x_wconf 88' lang='lat' dir='ltr'><strong>demonstrasse</strong></span> <span class='ocrx_word' id='word_1_146' title='bbox 840 2992 1059 3066; x_wconf 84' lang='lat' dir='ltr'><strong>sententiam</strong></span> <span class='ocrx_word' id='word_1_147' title='bbox 1085 2993 1260 3067; x_wconf 90' lang='lat' dir='ltr'><strong>Historioi</strong></span> <span class='ocrx_word' id='word_1_148' title='bbox 1294 2993 1338 3066; x_wconf 87' lang='lat' dir='ltr'><strong>iis</strong></span> 
     </span>
     <span class='ocr_line' id='line_1_24' title="bbox 279 3105 1338 3208; baseline 0.001 -27"><span class='ocrx_word' id='word_1_149' title='bbox 279 3133 361 3204; x_wconf 89' lang='lat' dir='ltr'><strong>quae</strong></span> <span class='ocrx_word' id='word_1_150' title='bbox 401 3106 499 3203; x_wconf 88' lang='lat' dir='ltr'><strong>apud</strong></span> <span class='ocrx_word' id='word_1_151' title='bbox 532 3105 739 3181; x_wconf 88' lang='lat' dir='ltr'><strong>Homerum</strong></span> <span class='ocrx_word' id='word_1_152' title='bbox 773 3109 968 3184; x_wconf 88' lang='lat' dir='ltr'><strong>traduntur</strong></span> <span class='ocrx_word' id='word_1_153' title='bbox 1000 3133 1152 3208; x_wconf 90' lang='lat' dir='ltr'><strong>prorsus</strong></span> <span class='ocrx_word' id='word_1_154' title='bbox 1186 3133 1338 3183; x_wconf 89' lang='lat' dir='ltr'><strong>consen-</strong></span> 
     </span>
     <span class='ocr_line' id='line_1_25' title="bbox 279 3230 532 3297; baseline 0 -1"><span class='ocrx_word' id='word_1_155' title='bbox 279 3230 426 3297; x_wconf 81' lang='lat' dir='ltr'><strong>teneam</strong></span> <span class='ocrx_word' id='word_1_156' title='bbox 442 3247 532 3297; x_wconf 86' lang='lat' dir='ltr'><strong>esse.</strong></span> 
     </span>
    </p>

    <p class='ocr_par' dir='ltr' id='par_1_4' title="bbox 279 3339 1338 3817">
     <span class='ocr_line' id='line_1_26' title="bbox 331 3339 1337 3440; baseline 0.004 -27"><span class='ocrx_word' id='word_1_157' title='bbox 331 3341 543 3414; x_wconf 92' lang='lat' dir='ltr'><strong>Secundum</strong></span> <span class='ocrx_word' id='word_1_158' title='bbox 568 3339 756 3438; x_wconf 83' lang='lat' dir='ltr'><strong>dignitatis</strong></span> <span class='ocrx_word' id='word_1_159' title='bbox 782 3344 934 3439; x_wconf 83' lang='lat' dir='ltr'><strong>gradum</strong></span> <span class='ocrx_word' id='word_1_160' title='bbox 960 3367 1128 3440; x_wconf 85' lang='lat' dir='ltr'><strong>proceres</strong></span> <span class='ocrx_word' id='word_1_161' title='bbox 1153 3343 1337 3432; x_wconf 86' lang='lat' dir='ltr'><strong>tenebant,</strong></span> 
     </span>
     <span class='ocr_line' id='line_1_27' title="bbox 279 3457 1336 3558; baseline 0.003 -27"><span class='ocrx_word' id='word_1_162' title='bbox 279 3457 305 3533; x_wconf 92' lang='lat' dir='ltr'><strong>ii</strong></span> <span class='ocrx_word' id='word_1_163' title='bbox 336 3457 473 3532; x_wconf 89' lang='lat' dir='ltr'><strong>scilicet</strong></span> <span class='ocrx_word' id='word_1_164' title='bbox 506 3482 598 3556; x_wconf 92' lang='lat' dir='ltr'><strong>quos</strong></span> <span class='ocrx_word' id='word_1_165' title='bbox 633 3458 794 3533; x_wconf 88' lang='lat' dir='ltr'><strong>conciliis</strong></span> <span class='ocrx_word' id='word_1_166' title='bbox 826 3461 903 3534; x_wconf 90' lang='lat' dir='ltr'><strong>suis</strong></span> <span class='ocrx_word' id='word_1_167' title='bbox 932 3460 1102 3558; x_wconf 90' lang='lat' dir='ltr'><strong>princeps</strong></span> <span class='ocrx_word' id='word_1_168' title='bbox 1131 3460 1336 3534; x_wconf 90' lang='lat' dir='ltr'><strong>adhibebat.</strong></span> 
     </span>
     <span class='ocr_line' id='line_1_28' title="bbox 281 3577 1337 3687; baseline 0.003 -25"><span class='ocrx_word' id='word_1_169' title='bbox 281 3587 332 3662; x_wconf 92' lang='lat' dir='ltr'><strong>Hi</strong></span> <span class='ocrx_word' id='word_1_170' title='bbox 359 3597 447 3662; x_wconf 93' lang='lat' dir='ltr'><strong>sunt</strong></span> <span class='ocrx_word' id='word_1_171' title='bbox 471 3611 562 3687; x_wconf 90' lang='lat' dir='ltr'><strong>quos</strong></span> <span class='ocrx_word' id='word_1_172' title='bbox 585 3599 693 3662; x_wconf 89' lang='lat' dir='ltr'><strong>vocat</strong></span> <span class='ocrx_word' id='word_1_173' title='bbox 716 3589 830 3662; x_wconf 87' lang='lat' dir='ltr'><strong>Poeta</strong></span> <span class='ocrx_word' id='word_1_174' title='bbox 848 3579 1035 3686; x_wconf 73' lang='grc' dir='ltr'>ἡγήτορας</span> <span class='ocrx_word' id='word_1_175' title='bbox 1053 3577 1120 3682; x_wconf 83' lang='grc' dir='ltr'><strong>ἠδὲ</strong></span> <span class='ocrx_word' id='word_1_176' title='bbox 1142 3579 1337 3681; x_wconf 73' lang='grc' dir='ltr'>μέδοντας,</span> 
     </span>
     <span class='ocr_line' id='line_1_29' title="bbox 282 3717 1338 3817; baseline -0.007 -23"><span class='ocrx_word' id='word_1_177' title='bbox 282 3722 341 3794; x_wconf 91' lang='lat' dir='ltr'><strong>vel</strong></span> <span class='ocrx_word' id='word_1_178' title='bbox 367 3744 606 3794; x_wconf 88' lang='lat' dir='ltr'><strong>cumeorum</strong></span> <span class='ocrx_word' id='word_1_179' title='bbox 632 3719 750 3792; x_wconf 88' lang='lat' dir='ltr'><strong>officia</strong></span> <span class='ocrx_word' id='word_1_180' title='bbox 776 3719 979 3793; x_wconf 86' lang='lat' dir='ltr'><strong>accuratius</strong></span> <span class='ocrx_word' id='word_1_181' title='bbox 1005 3720 1171 3817; x_wconf 88' lang='lat' dir='ltr'><strong>designat</strong></span> <span class='ocrx_word' id='word_1_182' title='bbox 1195 3717 1338 3810; x_wconf 84' lang='grc' dir='ltr'>βουλη-</span> 
     </span>
    </p>
   </div>
   <div class='ocr_carea' id='block_1_3' title="bbox 274 3833 1339 3948">
    <p class='ocr_par' dir='ltr' id='par_1_5' title="bbox 274 3833 1339 3948">
     <span class='ocr_line' id='line_1_30' title="bbox 274 3833 1339 3948; baseline 0.006 -32"><span class='ocrx_word' id='word_1_183' title='bbox 274 3833 435 3946; x_wconf 62' lang='lat' dir='ltr'><strong>dipem.</strong></span> <span class='ocrx_word' id='word_1_184' title='bbox 489 3848 535 3921; x_wconf 93' lang='lat' dir='ltr'><strong>ln</strong></span> <span class='ocrx_word' id='word_1_185' title='bbox 560 3849 661 3923; x_wconf 90' lang='lat' dir='ltr'><strong>hunc</strong></span> <span class='ocrx_word' id='word_1_186' title='bbox 683 3854 807 3922; x_wconf 88' lang='lat' dir='ltr'><strong>autem</strong></span> <span class='ocrx_word' id='word_1_187' title='bbox 824 3848 946 3922; x_wconf 89' lang='lat' dir='ltr'><strong>locum</strong></span> <span class='ocrx_word' id='word_1_188' title='bbox 969 3873 1032 3924; x_wconf 88' lang='lat' dir='ltr'><strong>eos</strong></span> <span class='ocrx_word' id='word_1_189' title='bbox 1055 3848 1176 3924; x_wconf 89' lang='lat' dir='ltr'><strong>evexit</strong></span> <span class='ocrx_word' id='word_1_190' title='bbox 1198 3849 1259 3924; x_wconf 88' lang='lat' dir='ltr'><strong>vel</strong></span> <span class='ocrx_word' id='word_1_191' title='bbox 1273 3871 1339 3948; x_wconf 87' lang='lat' dir='ltr'><strong>pa-</strong></span> 
     </span>
    </p>
   </div>
   <div class='ocr_carea' id='block_1_4' title="bbox 233 4055 1265 4370">
    <p class='ocr_par' dir='ltr' id='par_1_6' title="bbox 233 4055 1265 4297">
     <span class='ocr_line' id='line_1_31' title="bbox 233 4055 915 4128; baseline 0.009 -16"><span class='ocrx_word' id='word_1_192' title='bbox 233 4057 237 4064; x_wconf 84' lang='lat'>&#39;</span> <span class='ocrx_word' id='word_1_193' title='bbox 321 4055 392 4114; x_wconf 69' lang='lat' dir='ltr'><strong>‘IL</strong></span> <span class='ocrx_word' id='word_1_194' title='bbox 408 4069 444 4115; x_wconf 81' lang='grc' dir='ltr'><strong>Μ.</strong></span> <span class='ocrx_word' id='word_1_195' title='bbox 460 4067 518 4128; x_wconf 72' lang='lat'><strong>31⁶.</strong></span> <span class='ocrx_word' id='word_1_196' title='bbox 831 4075 857 4118; x_wconf 80' lang='grc' dir='ltr'><strong>ο.</strong></span> <span class='ocrx_word' id='word_1_197' title='bbox 876 4083 915 4120; x_wconf 87' lang='grc' dir='ltr'><strong>ιι.</strong></span> 
     </span>
     <span class='ocr_line' id='line_1_32' title="bbox 323 4133 1265 4208; baseline 0.004 -14"><span class='ocrx_word' id='word_1_198' title='bbox 323 4133 676 4200; x_wconf 69' lang='lat' dir='ltr'><strong>&#39;Xen.Mem..l.iii‚c.</strong></span> <span class='ocrx_word' id='word_1_199' title='bbox 693 4161 719 4197; x_wconf 79' lang='lat' dir='ltr'><strong>a.</strong></span> <span class='ocrx_word' id='word_1_200' title='bbox 870 4135 1265 4208; x_wconf 67' lang='grc' dir='ltr'><strong>ιΧω.Μοπι.,1.ἱίί.ο.ι.</strong></span> 
     </span>
     <span class='ocr_line' id='line_1_33' title="bbox 320 4213 1203 4297; baseline 0.002 -23"><span class='ocrx_word' id='word_1_201' title='bbox 320 4215 437 4276; x_wconf 70' lang='lat' dir='ltr'><strong>‘Plato</strong></span> <span class='ocrx_word' id='word_1_202' title='bbox 463 4217 497 4275; x_wconf 80' lang='grc' dir='ltr'><strong>ιἰι</strong></span> <span class='ocrx_word' id='word_1_203' title='bbox 523 4214 603 4274; x_wconf 70' lang='lat' dir='ltr'><strong>mn.</strong></span> <span class='ocrx_word' id='word_1_204' title='bbox 656 4213 728 4275; x_wconf 84' lang='lat' dir='ltr'><strong>Vid.</strong></span> <span class='ocrx_word' id='word_1_205' title='bbox 757 4220 789 4274; x_wconf 87' lang='lat' dir='ltr'><strong>at</strong></span> <span class='ocrx_word' id='word_1_206' title='bbox 868 4215 1147 4297; x_wconf 73' lang='lat' dir='ltr'><strong>¹1baoyd.‚l.i.c.</strong></span> <span class='ocrx_word' id='word_1_207' title='bbox 1165 4239 1203 4288; x_wconf 76' lang='lat'><strong>¹3·</strong></span> 
     </span>
    </p>

    <p class='ocr_par' dir='ltr' id='par_1_7' title="bbox 281 4293 787 4370">
     <span class='ocr_line' id='line_1_34' title="bbox 281 4293 787 4370; baseline -0.004 -14"><span class='ocrx_word' id='word_1_208' title='bbox 281 4297 408 4356; x_wconf 66' lang='lat' dir='ltr'><strong>Aristar.</strong></span> <span class='ocrx_word' id='word_1_209' title='bbox 436 4295 509 4356; x_wconf 71' lang='lat' dir='ltr'><strong>Eri.</strong></span> <span class='ocrx_word' id='word_1_210' title='bbox 534 4295 660 4370; x_wconf 59' lang='lat' dir='ltr'><strong>Nisum„</strong></span> <span class='ocrx_word' id='word_1_211' title='bbox 684 4293 703 4352; x_wconf 90' lang='lat' dir='ltr'><strong>l.</strong></span> <span class='ocrx_word' id='word_1_212' title='bbox 727 4295 787 4354; x_wconf 81' lang='lat' dir='ltr'><strong>viii.</strong></span> 
     </span>
    </p>
   </div>
   <div class='ocr_carea' id='block_1_5' title="bbox 0 0 1561 4886">
    <p class='ocr_par' dir='ltr' id='par_1_8' title="bbox 0 0 1561 4886">
     <span class='ocr_line' id='line_1_35' title="bbox 0 0 1561 4886; baseline 0 0"><span class='ocrx_word' id='word_1_213' title='bbox 0 0 1561 4886; x_wconf 95' lang='lat' dir='ltr'><strong> </strong></span> 
     </span>
    </p>
   </div>
  </div>
 </body>
</html>
