3058 4908
316 298 382 363 230
578 307 793 358 rasurcrto
811 307 1110 357 naama-raam.

314 459 390 532 suis
415 458 682 545 commendare,
701 481 788 531 cum
812 455 966 554 ipse,t1t
989 457 1149 545 videtur,
1174 458 1271 534 hanc
1294 485 1372 534 rem

312 577 454 649 intenta
480 575 789 671 contemplatione
815 576 1103 671 perlustraverit,
1128 583 1167 650 et
1193 577 1372 650 attonitus

312 693 352 765 in
368 715 413 772 ea
428 691 591 764 haereret.
645 691 747 765 Utile
767 701 864 764 esset
879 693 938 765 vel
962 690 1101 765 inculto
1124 695 1264 790 populo
1279 693 1371 766 illud

312 819 541 906 compertum
581 808 762 898 habuisse,
798 833 907 905 posse
942 807 1124 883 Graeciam
1156 809 1252 883 vires
1286 835 1372 884 suas

314 927 354 999 in
386 907 506 998 unum¹
537 925 713 1010 conane,
748 949 856 1022 posse
897 925 1104 1023 conjunctis
1144 926 1260 1024 copiis
1294 951 1373 1000 rem

313 1066 432 1140 agere,
451 1043 560 1115 modo
577 1043 759 1139 principes
783 1065 906 1115 eorum
925 1067 971 1115 ex
990 1043 1057 1115 hac
1079 1054 1183 1139 parte
1200 1044 1373 1140 legitimae

315 1157 529 1231 authoritati
552 1181 590 1232 se
616 1157 829 1231 submittere
854 1182 930 1232 non
954 1166 1175 1247 recusarent,
1193 1166 1293 1233 etex
1311 1161 1374 1234 illa

314 1275 575 1353 authoritatem
600 1276 667 1350 sibi
690 1277 945 1350 demandatam
970 1279 1167 1373 prudenter
1186 1288 1221 1351 et
1247 1279 1374 1352 mode-

316 1405 392 1468 rate
409 1394 722 1467 administrarent:
742 1392 948 1489 principum
961 1393 1060 1466 enim
1068 1393 1232 1468 virorum
1248 1395 1372 1490 potius

316 1537 428 1609 quam
461 1511 650 1584 civitatum
684 1509 893 1584 inimicitias
927 1510 1134 1584 Homerum
1167 1513 1373 1609 respexisse

316 1629 486 1702 credibile
502 1635 579 1714 est,
608 1626 703 1700 inter
719 1627 801 1700 illos
815 1633 896 1700 tum
910 1628 1084 1724 temporis
1100 1627 1372 1706 intercedebant

315 1745 452 1818 invidia
467 1745 529 1818 illa
546 1751 584 1818 et
601 1744 682 1818 odia
699 1769 780 1842 qua
798 1746 896 1818 malo
913 1746 988 1818 sato
1005 1751 1134 1841 postea
1150 1746 1195 1818 ad
1213 1747 1371 1843 populos

200 1891 205 1898 ·
315 1863 560 1949 transierunt;
590 1861 736 1936 illorum
763 1869 841 1936 erat
867 1862 1089 1959 principatus
1118 1875 1157 1935 et
1182 1863 1306 1959 gloriae
1334 1869 1372 1936 et

317 1978 586 2066 dominationis,
621 1980 725 2077 siqua
764 1990 854 2066 erat,
889 1980 1034 2081 cupido,
1069 1987 1107 2052 et
1141 1979 1287 2076 quidem
1325 2004 1371 2053 ex

230 2173 236 2186 ,
315 2095 522 2193 principum
539 2119 690 2170 suorum
713 2095 910 2169 ambitione
935 2109 973 2170 et
998 2095 1097 2169 rabie
1122 2120 1165 2169 ea
1182 2119 1265 2194 quae
1287 2103 1372 2170 tum

317 2212 497 2287 Graciam
523 2215 705 2286 vexabant
733 2213 890 2286 mndata
919 2224 1006 2287 sunt
1034 2204 1144 2287 bella.v
1193 2214 1371 2310 Mycenas

315 2329 528 2426 premebant
541 2328 792 2426 Pelopidarum
811 2335 849 2401 et
862 2329 1137 2405 Heraclidomm
1155 2329 1247 2402 odia.
1278 2331 1373 2403 The

316 2447 445 2519 barum
469 2448 605 2521 moenia
630 2471 704 2520 non
724 2471 800 2520 uno
823 2446 919 2520 bello
941 2447 1225 2521 circumdederat
1241 2447 1373 2545 OEdipi

316 2566 411 2638 male
427 2565 591 2637 ominata
607 2565 748 2638 domus.
801 2563 946 2637 Horum
962 2565 1072 2661 igitur
1088 2564 1252 2660 ingentes
1269 2565 1373 2661 spiri·

315 2688 378 2756 tus
412 2682 621 2755 moderandi
655 2687 768 2769 erant,
800 2692 836 2754 et
871 2681 910 2754 in
943 2681 1073 2755 melius
1106 2683 1370 2756 conformandi.

316 2800 411 2873 Illud
435 2798 544 2872 etiam
569 2823 615 2871 ex
640 2800 764 2873 fabula
779 2797 974 2873 Homerica
998 2799 1176 2873 aGraecis
1200 2800 1372 2874 haurien-

318 2915 405 2990 dum
431 2925 521 3004 erat,
544 2916 631 3014 quid
656 2917 771 3013 possit
796 2917 971 3012 patientia
995 2915 1034 2990 in
1055 2918 1208 3013 longum
1233 2917 1371 2992 durans

317 3045 354 3106 et
372 3044 548 3130 perpetua
564 3035 665 3128 longi
681 3032 766 3106 belli
782 3033 1067 3120 administrati03
1089 3035 1254 3108 nondum
1271 3036 1372 3108 enim

317 3174 363 3222 ex
393 3149 542 3223 consilio
572 3151 710 3224 bellum
736 3173 858 3246 gerere
887 3148 1098 3223 didicerant.
1148 3151 1371 3239 Accedebat,

319 3265 350 3340 si
367 3265 569 3364 Odysseam
592 3279 809 3364 spectemus,
828 3267 990 3364 ejusdem
1011 3267 1206 3363 patientia,
1228 3268 1372 3342 sortitu-

318 3384 424 3471 dinis,
443 3393 480 3457 et
495 3385 636 3458 consilii
658 3385 697 3457 in
713 3410 789 3458 uno
806 3385 954 3459 homine
970 3385 1255 3480 exemplum—“
1270 3409 1372 3482 spec-

316 3503 478 3574 taculum
501 3499 581 3574 Deo
604 3501 780 3598 dignum'’
803 3511 840 3574 et
863 3501 901 3574 in
922 3500 1146 3597 temporibus
1168 3500 1373 3576 formidinis

317 3642 359 3691 ac
375 3618 525 3715 periculi
549 3618 666 3714 plenis
684 3617 933 3692 utilissimum.
986 3617 1128 3692 Rursus
1154 3641 1201 3690 ex
1219 3617 1373 3693 Homeri

315 3735 486 3830 'operibus
498 3735 589 3807 illud
602 3733 827 3808 innotescere
840 3735 972 3831 potuit,
986 3733 1189 3808 Historiam
1198 3741 1278 3808 tarn
1290 3761 1372 3809 eam

316 3875 398 3945 quae
416 3852 637 3948 populorum
655 3856 791 3922 statum
809 3860 847 3925 et
871 3876 927 3924 res
944 3857 1064 3947 gestas
1082 3851 1242 3947 exponit,
1261 3876 1371 3948 quam

317 3991 399 4064 quae
427 3967 631 4064 principum
666 3967 826 4040 virorum
862 3969 966 4054 vitas,
998 3967 1143 4064 dignam
1177 3991 1257 4040 esse
1291 3992 1370 4064 quae

317 4085 553 4180 conquiratur
573 4091 611 4157 et
633 4090 880 4172 conservetur,
903 4096 944 4158 ut
968 4109 1011 4157 ex
1037 4109 1080 4156 ea
1103 4096 1139 4158 et
1162 4087 1370 4181 exemplum

316 4198 403 4272 vitoe
415 4200 627 4296 depromere
643 4201 786 4298 possint
799 4200 976 4288 homines,
991 4201 1085 4274 etde
1102 4225 1224 4274 rerum
1237 4215 1370 4275 eventu

312 4314 491 4412 judicium
518 4323 555 4390 et
588 4318 838 4413 conjecturam
864 4317 1009 4392 saciant.
1061 4318 1193 4416 Neque
1226 4329 1370 4416 poetam
