3096 4886
514 333 727 383 rnnrrcrro
751 334 891 385 ruam.
1187 313 1230 376 43

175 479 386 577 importuna
412 485 450 553 et
475 481 739 554 contumeliosa
763 483 973 577 garrulitate
998 505 1055 557 res
1080 505 1231 580 magnas

173 596 411 693 perturbaret.
464 595 632 668 Clamore
659 606 783 669 autem
818 607 854 670 et
881 598 1012 694 plausu
1040 597 1230 673 sententiis

174 711 269 786 datis
285 713 344 785 vel
360 712 643 786 adversabantur
660 713 718 786 vel
734 736 794 786 eas
811 714 1094 788 confirmabant‘
1108 745 1170 789 :—

326 860 378 920 ⁸tlr
391 862 475 934 ἔφατ’.
489 863 603 936 Ἀργεῖοι
616 863 644 918 δι’
657 861 714 936 μέγ’
729 863 813 936 ἴαχον.

335 957 426 1014 Μῦθον
439 957 622 1028 ἐπαινήσαντες
634 959 785 1030 Ὀδυσσῆος
799 961 890 1016 θείοιο.

374 1095 381 1110 .
398 1095 405 1110 .
423 1095 431 1110 .
446 1058 471 1110 ol
485 1056 507 1110 δ’
522 1057 571 1128 dpu
583 1057 677 1114 πάντες
691 1056 799 1128 ἐπίαχον
811 1053 864 1114 υῖις
879 1054 992 1129 Ἀχαιῶν

333 1151 425 1208 Μῦθον
436 1151 616 1224 ἇγοσσάμινοι
631 1152 773 1223 Διομήδεος
788 1154 952 1224 ἱπποδάμοιο.

176 1259 357 1356 Equidem
374 1261 443 1334 nisi
460 1261 564 1336 fallor
579 1261 619 1336 in
637 1263 796 1336 secundo
814 1263 947 1337 Iliados
964 1263 1058 1336 libro
1078 1261 1231 1358 vestigia

174 1375 287 1451 habes
308 1378 525 1452 concionum
540 1377 692 1452 istarum
716 1405 798 1476 quae
819 1385 948 1477 postea
964 1378 1121 1452 Athenis
1139 1380 1229 1452 cele·

174 1495 394 1580 brabantum
433 1518 550 1592 neque
584 1493 661 1569 aliis
695 1495 832 1569 artibus
866 1495 1019 1593 Ulysses
1054 1493 1229 1569 militibus

175 1611 250 1685 suis
274 1611 494 1697 moderatur,
514 1635 625 1709 quam
648 1611 779 1709 quibus
805 1619 966 1687 oratores
989 1612 1230 1687 Athenienses

174 1727 354 1800 effraenem
382 1727 496 1823 plebis
526 1726 726 1800 lubidinem
752 1727 1041 1824 compescebant,
1069 1727 1160 1800 adeo
1186 1735 1230 1800 ut

173 1843 366 1940 Euripides
389 1867 464 1918 non
488 1842 618 1918 inscite
640 1844 687 1917 ad
713 1843 857 1918 heroice
879 1851 1047 1941 tempora
1067 1849 1229 1917 transtu·

172 1961 258 2034 lisse
287 1961 454 2035 videatur
483 1983 526 2034 ea
560 1983 641 2057 quae
675 1984 720 2034 ex
755 1959 830 2034 suis
858 1960 1083 2058 temporibus
1120 1962 1230 2057 plane

174 2078 368 2174 desumpta
384 2073 502 2150 suut¹.
555 2077 680 2151 Etiam
696 2077 735 2150 in
752 2077 954 2175 spoliorum
974 2075 1231 2151 distributione

173 2194 301 2292 populi
326 2195 411 2291 jura
439 2200 648 2281 cernuntur,
680 2219 791 2291 quem
816 2194 952 2270 seilicet
977 2193 1049 2293 ipsi
1074 2193 1230 2292 principi

171 2312 308 2386 violare
325 2320 362 2385 et
380 2312 573 2384 immutare
590 2311 690 2384 nefas
708 2310 778 2384 luit
788 2318 815 2383 ⁸.

223 2424 333 2500 Hanc
375 2425 487 2522 igitur
523 2425 745 2524 Reipublicae
785 2427 940 2501 formum
979 2425 1018 2499 in
1060 2424 1230 2500 omnibus

175 2545 326 2618 Graeciae
359 2542 567 2618 civitatibus
601 2543 674 2617 sere
716 2545 870 2618 eandem
911 2543 1022 2618 luisse
1064 2530 1228 2618 arbit'ror.

173 2662 298 2736 Altius
328 2661 476 2758 quidem
504 2659 746 2734 Democratiae
777 2685 852 2735 suae
879 2659 1054 2756 originem
1088 2665 1230 2756 repete·

174 2780 263 2852 baut
280 2776 523 2852 Athenienses
542 2783 580 2852 et
596 2776 717 2875 ipsum
734 2775 939 2850 Homerum
955 2773 995 2848 in
1007 2783 1129 2872 partes
1146 2798 1231 2848 suas

173 2895 367 2969 trahebant
380 2889 421 2982 1“;
449 2919 529 2991 quae
554 2904 677 2968 tamen
700 2893 730 2969 si
746 2893 927 2966 Theseum
952 2897 1138 2965 auctorem
1165 2891 1230 2964 ha·

172 3013 266 3100 buit,
292 3017 330 3085 et
355 3034 399 3084 eo
425 3017 599 3106 regnante
624 3010 793 3099 invaluit,
815 3015 854 3083 at
879 3009 1031 3084 eandem
1056 3032 1143 3082 cum
1166 3007 1231 3082 illo

173 3127 322 3226 periisse
339 3127 508 3201 credibile
526 3137 593 3201 est.
646 3127 807 3214 Etenim,
827 3138 868 3201 ut
885 3150 929 3200 ex
944 3123 1141 3198 Plutarcho
1159 3123 1230 3198 dis·

174 3246 303 3332 cimus,
322 3267 454 3341 magna
470 3243 647 3318 nobilium
672 3244 810 3318 invidia
827 3254 864 3317 et
886 3241 970 3316 odio
993 3252 1145 3339 excepta
1161 3247 1229 3330 est,

174 3369 217 3433 ut
243 3384 324 3458 quae
348 3357 408 3432 isti
433 3357 531 3432 aetati
557 3383 686 3455 parum
712 3357 905 3432 convenire
930 3357 1009 3431 visa
1034 3363 1100 3431 est.
1154 3355 1231 3442 Qui

172 3477 297 3573 itaque
323 3474 486 3550 Politicis
512 3476 622 3550 rebus
647 3475 808 3562 student,
835 3474 875 3547 in
901 3497 945 3547 eo
972 3497 1010 3547 se
1036 3474 1229 3561 oblectent,

173 3591 272 3690 quod
305 3592 345 3665 in
378 3592 448 3666 hac
477 3601 618 3666 remota
647 3590 862 3691 antiquitate
895 3589 1049 3664 inveniri
1075 3599 1231 3688 possunt

172 3708 383 3806 multiplicis
400 3710 507 3783 istius
525 3734 605 3807 quae
623 3716 751 3808 postea
767 3709 925 3782 invaluit
942 3707 1139 3804 disciplinae
1150 3727 1230 3778 ves·

170 3826 283 3922 tigia;
310 3825 489 3900 mirentur
513 3826 674 3924 insuper,
702 3849 820 3924 neque
848 3825 967 3898 ullum
994 3846 1072 3896 esse
1097 3820 1232 3895 civium

172 3943 347 4031 ordinem,
376 3968 494 4041 neque
522 3945 636 4018 ullam
670 3942 895 4040 Reipublicae
928 3939 1095 4027 formam,
1127 3938 1231 4036 cujus

172 4058 349 4157 principia
375 4060 488 4134 etiam
517 4059 557 4133 in
583 4058 662 4135 istis
694 4057 918 4156 temporibus
943 4080 1018 4130 nou
1043 4080 1229 4154 agnoscas.

213 4247 283 4308 ·It.
295 4263 324 4310 e.
341 4265 409 4316 3333
436 4264 456 4310 1.
473 4274 516 4326 50.
763 4247 832 4307 ⁸Il.
848 4262 880 4308 a·
898 4271 954 4322 ης.

214 4325 346 4410 scarp.
365 4323 473 4403 Oresa,
487 4351 515 4392 v.
530 4339 590 4404 867,
601 4329 654 4390 dte.
764 4326 950 4390 ”Plutarch
967 4329 998 4388 ιἰι
1019 4325 1077 4387 Vir.
1094 4325 1180 4384 Thes.
