3094 4898
292 291 357 354 143
649 289 864 336 raAEtacmo
886 290 993 338 norm.

293 446 446 546 gessisse
472 437 696 514 crediderim.
749 437 848 512 Hinc
866 438 1113 514 Geometriam
1131 444 1190 517 vel
1207 467 1357 520 mensu·

294 562 399 638 randi
416 566 531 634 artem
549 581 593 630 eo
610 580 726 653 usque
743 558 922 632 callebant
939 569 981 632 ut
1005 583 1111 656 agros
1129 560 1264 636 viritim
1282 563 1356 636 dis-

295 680 456 756 tribuere
485 679 646 772 possent.
701 672 814 746 Hunc
848 673 945 748 enim
980 674 1018 748 in
1047 677 1159 750 finem
1190 679 1356 753 omnium

296 795 493 870 authorum
511 811 688 864 consensu
709 787 917 862 Geometria
933 791 979 864 ab
996 791 1183 890 AEgyptiis
1208 794 1358 868 inventa

295 921 363 986 cst.
409 909 492 982 Hoc
509 930 618 979 sensu
636 905 796 1002 quinque
813 906 972 980 siderum
989 914 1113 982 motus
1129 911 1175 984 ab
1189 909 1358 1008 AEgypto

297 1027 481 1101 Eudoxus
519 1023 556 1094 in
591 1021 770 1095 Graeciam
802 1021 1043 1112 transtulit⁶5
1084 1050 1129 1098 ex
1171 1037 1356 1100 astrorum

297 1143 432 1218 etenim
467 1140 612 1214 assiduo
645 1140 896 1213 observatione
930 1164 1056 1215 eorum
1090 1167 1286 1218 numerum
1320 1153 1357 1217 et

297 1271 389 1344 situs
413 1267 635 1350 didicerant;
662 1265 761 1360 leges
784 1265 894 1340 etiam
920 1291 994 1363 quo
1017 1269 1170 1342 diurnus
1195 1270 1355 1344 siderum

299 1394 422 1460 motus
453 1392 491 1458 et
517 1383 747 1456 Planetarum
776 1383 886 1455 etiam
915 1408 1044 1458 cursus
1070 1385 1287 1482 diriguntur,
1310 1413 1356 1461 ex

298 1529 369 1578 usu
392 1513 428 1576 et
451 1499 672 1597 experientia
694 1499 923 1595 aliquatenus
949 1501 1112 1598 attigisse
1133 1505 1355 1600 potuissent,

299 1628 339 1704 ἐκ
374 1625 524 1703 πολλοῦ
561 1615 700 1724 χρόνου
737 1618 1034 1723 παρατηρήσεως
1070 1623 1354 1725 γεγενημέιηςῗ

299 1749 354 1822 Eo
371 1747 480 1821 etiam
499 1747 538 1818 in
554 1746 623 1818 hac
640 1751 745 1842 parte
771 1747 950 1842 progressi
977 1754 1076 1836 sunt,
1096 1761 1138 1822 ut
1156 1751 1355 1845 praeclaris-

299 1869 433 1939 simum
451 1865 540 1937 illud
557 1864 644 1936 anni
663 1861 798 1936 Solaria
822 1864 1014 1938 inventum
1032 1865 1172 1963 optimo
1184 1867 1269 1962 jure
1286 1867 1355 1940 sibi

297 1983 520 2056 vindicarent
531 1977 551 2052 ¹.
589 1980 671 2054 Pari
687 1981 827 2055 ratione
844 1982 1062 2056 medicinam
1080 1985 1263 2080 quandam
1284 2009 1355 2058 usu

298 2096 419 2170 edocti
437 2094 686 2168 instituerunt.
737 2095 842 2168 Adeo
860 2119 905 2178 ex
930 2097 1031 2170 omni
1053 2105 1156 2193 parte
1173 2110 1356 2194 praecepta

298 2215 335 2286 in
352 2213 465 2287 vitam
483 2213 587 2286 utilia
604 2235 675 2286 usu
692 2221 877 2310 comperta
895 2215 1172 2319 congessissent.
1211 2214 1260 2288 Et
1277 2216 1355 2288 haec

298 2331 444 2428 quidem
461 2338 518 2403 est
535 2329 596 2403 illa
609 2329 871 2426 AEgyptiorum
884 2315 1133 2428 Philosophia,
1152 2330 1238 2404 hinc
1255 2343 1355 2406 certe

298 2447 468 2545 explicari
495 2453 651 2544 possunt
685 2471 728 2520 ea
757 2472 837 2543 quae
864 2470 887 2534 a
912 2447 1097 2521 veteribus
1126 2449 1237 2521 allata
1267 2457 1356 2524 sunt

298 2567 475 2662 exempla.
529 2565 635 2638 Hanc
670 2571 795 2638 autem
825 2563 1105 2639 Theorcmatum
1140 2589 1354 2663 compagem

297 2707 408 2780 quam
426 2706 524 2756 nunc
541 2705 714 2754 vocamus
738 2681 933 2755 Scientiam
957 2685 1102 2768 novisse
1120 2707 1238 2779 neque
1255 2694 1355 2758 vete·

296 2825 378 2873 rum
408 2799 625 2874 testimoniis
652 2823 769 2895 neque
800 2799 928 2895 populi
955 2801 1100 2896 ingenio
1127 2813 1163 2874 et
1188 2802 1354 2875 moribus

296 2926 583 2990 consentancum
601 2926 668 2989 est.

344 3033 426 3106 Nec
444 3057 529 3106 vcro
546 3033 614 3106 soli
640 3032 737 3129 apud
758 3038 900 3106 veteres
917 3033 1087 3130 AEgyptii
1109 3035 1352 3108 celebrantur.

295 3149 586 3234 Arithmeticam‚
608 3173 681 3245 qua
699 3150 802 3221 nulla
826 3173 883 3222 ars
909 3149 1041 3223 certius
1062 3156 1100 3222 et
1123 3149 1249 3225 utilius
1265 3153 1353 3226 vitae

295 3265 392 3339 civili
410 3265 618 3353 famulatur,
637 3266 864 3340 aPhoenioia
880 3267 927 3339 ad
944 3266 1031 3340 alias
1049 3268 1214 3364 regiones
1232 3276 1353 3343 trans-

294 3383 379 3456 iisse
397 3381 512 3456 aiunt.
554 3382 611 3456 Ex
624 3384 693 3456 hac
710 3385 808 3456 enim
821 3385 941 3457 omnis
959 3395 1165 3458 mercatura
1180 3386 1316 3482 pendet
1326 3395 1351 3460 ⁸.

295 3500 453 3574 Eosdem
471 3523 546 3595 prae
572 3501 766 3596 navigandi
793 3501 916 3574 studio
933 3502 1178 3577 Astronomiae
1203 3527 1351 3600 operam

296 3619 437 3692 dedisse
453 3618 551 3691 fama
576 3628 642 3692 est.
695 3616 858 3690 Chaldaei
884 3619 1005 3706 etiarn,
1025 3620 1157 3716 quibus
1183 3623 1292 3717 plana
1314 3628 1353 3694 et

297 3748 424 3832 aperta
457 3735 556 3831 regio
586 3745 624 3808 et
653 3736 731 3809 sine
760 3737 836 3808 ullo
866 3736 1046 3833 Agricolae
1074 3737 1198 3811 labore
1228 3762 1352 3812 rerum

296 3853 462 3926 omnium
487 3853 599 3939 ferax,
619 3862 801 3925 astrorum
828 3853 920 3926 situs
944 3863 980 3926 et
1012 3865 1134 3926 motus
1160 3854 1355 3950 diligenter

336 4147 348 4181 ⁴
372 4150 439 4208 Sea.
468 4151 574 4225 Queat.
598 4151 684 4217 Not..
706 4149 726 4208 l.
753 4150 800 4210 rii.
883 4147 1093 4245 silerodotae.
1114 4149 1134 4209 l.
1156 4150 1206 4219 ii.;
1232 4153 1352 4224 Strabo,

297 4246 322 4285 ⁰'
337 4246 458 4366 douo.
477 4307 546 4378 aa,
563 4307 582 4366 1.
598 4309 619 4368 r.
633 4329 658 4368 ρ.
676 4313 722 4367 n.
843 4230 862 4289 L
878 4232 1146 4378 i'id'tdii'm.
1163 4331 1191 4391 p.
1207 4329 1274 4392 757.
