3058 4902
283 260 348 325 346
601 269 815 318 arnasano
843 267 1021 317 messura.

285 434 395 513 ἴσασι
405 453 430 528 ⁸,
451 441 553 538 signa
575 441 746 514 nimirum
764 466 843 537 quae
866 439 1052 512 communi
1075 464 1145 513 usu
1169 442 1346 514 omnibus

233 545 237 552 ¹
283 559 533 632 innotuerunt.
577 556 717 631 Omnes
736 557 970 652 intelligimus
988 583 1033 630 ex
1051 582 1209 654 quonam
1226 559 1346 632 animi

283 699 391 750 sensu
410 675 665 773 explicandum
682 687 738 749 est
755 675 846 748 illud
862 675 1101 750 Homericum
1117 707 1180 748 :-

600 839 740 912 Δεξιτερῆς
754 837 800 892 ἕλε
809 831 932 911 χειρὸς““

284 991 376 1064 illud
394 991 478 1063 dare
495 990 660 1064 dextram
678 989 843 1063 amicitiae
864 997 901 1062 et
918 989 1003 1062 fidei
1024 989 1155 1086 pignus
1173 1013 1252 1063 esse
1268 1016 1343 1064 usu

285 1113 512 1204 compertum
530 1113 595 1179 est.
640 1107 851 1203 Lachrymae
869 1105 977 1180 etiam
1000 1106 1145 1180 subulci
1161 1115 1198 1179 et
1214 1110 1344 1181 oscula

285 1225 321 1297 in
339 1225 556 1298 Telemacho
576 1223 811 1320 excipiendo⁰
828 1233 917 1298 nota
942 1232 1029 1298 sunt
1052 1223 1154 1318 signa
1176 1223 1284 1297 officii
1303 1237 1342 1298 et

285 1342 431 1439 pietatis
454 1367 541 1436 erga
567 1341 754 1414 dominum
779 1365 900 1427 suum,
919 1341 1041 1438 itaque
1063 1340 1179 1414 utait
1197 1340 1342 1414 Aristo—

285 1460 612 1560 ῒεΙθε-σύμβολα
637 1463 777 1562 γίνεται
797 1469 914 1541 ταῦτα
934 1453 959 1539 ἅ
983 1462 1093 1541 ἴσασι
1118 1460 1266 1541 ἐκείνων
1288 1454 1343 1540 ὧν

288 1593 354 1672 οὐκ
373 1581 519 1671 {aad

338 1717 410 1790 Sed
429 1717 507 1787 haec
524 1713 562 1786 in
580 1714 767 1786 affectibus
784 1715 898 1810 magis
920 1727 1121 1789 cernuntur
1137 1741 1218 1812 quae
1235 1725 1340 1790 motu

287 1834 360 1905 iere
377 1832 540 1905 violento
565 1855 697 1928 corpus
722 1837 900 1918 exercent,
920 1857 1076 1927 quorum
1099 1832 1223 1929 itaque
1243 1859 1341 1929 sym·

286 1951 370 2023 bola
397 1949 456 2021 vel
483 1947 585 2042 signa
614 1949 811 2044 insigniora
837 1956 926 2022 suut
953 1956 991 2022 et
1017 1951 1170 2036 notiora,
1197 1950 1344 2044 subjicit

287 2075 720 2153 Aristoteles—anem
738 2067 778 2148 δὲ
795 2069 949 2149 τοιαῦτα
964 2076 1098 2165 λαβεῖν
1113 2066 1160 2173 ἐξ
1172 2068 1344 2173 Ὀμήρου

290 2203 488 2280 ἐστὶν-εἰ
505 2209 593 2281 citat
610 2209 700 2281 illud
717 2234 762 2281 ex
780 2208 945 2306 Odyssea
956 2241 1016 2280 :-

521 2414 562 2426 ·-
576 2387 661 2460 γρηῦς
674 2388 702 2442 δὲ
716 2387 858 2458 κατέσχετο
870 2389 950 2460 χερσὶ
962 2389 1091 2459 πρόσωπα
1101 2392 1122 2443 ⁶.

293 2539 404 2625 Nota,
419 2538 551 2634 inquit,
565 2539 642 2610 haeo
659 2546 715 2610 est
732 2537 826 2611 actio
843 2538 989 2611 illorum
1006 2539 1069 2636 qui
1086 2539 1123 2612 in
1137 2539 1343 2638 lachrymas

291 2663 557 2750 prorumpunt:
587 2663 609 2692 “
622 2654 770 2743 Vultus,
785 2657 838 2729 ait
854 2657 989 2745 Cicero,
1005 2656 1124 2751 imago
1142 2664 1199 2730 est
1215 2657 1340 2745 animi,

291 2774 428 2846 indices
446 2773 543 2846 oculi
553 2768 597 2844 ‘.''
650 2769 870 2869 Quicunque
898 2773 1010 2870 igitur
1037 2776 1163 2846 sedulo
1180 2775 1344 2847 animad-

291 2891 452 2977 verterit,
473 2891 621 2987 quinam
638 2890 760 2962 vultus
777 2892 877 2963 color
892 2901 1001 2987 atque
1018 2889 1174 2977 habitus,
1194 2890 1342 2986 quinam

289 3008 477 3079 oculorum
498 3008 661 3093 obtutus
680 3013 718 3078 et
741 3031 904 3104 quaenam
923 3009 1036 3082 totius
1059 3009 1219 3106 eorporis
1244 3033 1343 3081 com·

291 3125 512 3197 mutationes
530 3125 691 3220 singulos
716 3126 867 3197 affectus
890 3138 1173 3222 consequuntur,
1191 3127 1243 3198 illi
1260 3151 1342 3222 pro

290 3241 385 3313 fecto
411 3240 449 3312 in
476 3251 648 3337 promptu
672 3251 759 3314 sunt
784 3241 915 3339 quibus
938 3244 1088 3316 affectus
1114 3243 1205 3316 istos
1230 3243 1268 3315 in
1288 3267 1342 3315 re-

291 3383 372 3430 rum
390 3358 629 3431 narrationem
649 3359 753 3433 facile
775 3359 987 3432 transferat:
1020 3383 1137 3456 neque
1162 3361 1232 3434 hoo
1257 3361 1341 3434 arti·

291 3474 416 3547 ficium
428 3483 510 3570 eget
522 3475 738 3572 interprete:
758 3477 870 3550 facilis
884 3482 971 3549 sunt
983 3483 1021 3549 et
1031 3477 1189 3572 vulgaris
1204 3479 1343 3551 notitiae

291 3590 456 3664 omnium
479 3593 553 3665 iere
570 3593 766 3666 affectuum
784 3605 930 3667 externa
953 3593 1076 3690 signa3
1103 3595 1254 3668 affectus
1279 3619 1342 3668 au-

291 3721 366 3780 tem
395 3708 495 3804 operi
517 3708 756 3782 immiscuisse
780 3708 987 3804 proximum
1013 3721 1070 3782 est
1094 3735 1239 3784 morum
1262 3713 1344 3785 imi-

291 3825 433 3912 tationi,
451 3848 538 3898 cum
556 3823 607 3898 illi
624 3849 756 3921 magna·
773 3851 818 3900 ex
837 3837 939 3923 parte
958 3849 1153 3922 personam
1169 3839 1206 3901 et
1223 3853 1345 3903 mores

328 4030 339 4053 ¹
359 4025 455 4082 Arist.
469 4021 567 4095 Rhea,
583 4021 602 4082 l.
618 4022 659 4082 iii.
674 4041 699 4083 c.
718 4022 763 4082 16.
877 4035 890 4064 ⁶
913 4025 1015 4104 Odyas.
1030 4039 1060 4085 Τ.
1078 4027 1144 4103 561.

330 4099 407 4160 '’Il.
424 4115 459 4160 Η.
477 4103 542 4160 108.
879 4103 970 4165 ¹010.
1004 4105 1040 4165 de
1077 4109 1208 4178 Oratore,
1243 4097 1298 4168 Li.

330 4195 341 4218 ‘
365 4181 581 4258 Odyaa.11.15.
840 4203 865 4243 c.
882 4199 929 4260 59.

332 4259 344 4290 ‘¹
366 4261 464 4318 Arist.
480 4259 581 4330 Rhea,
595 4259 615 4320 l.
630 4259 671 4319 iii.
686 4281 710 4321 o.
731 4262 773 4320 16.
