3094 4898
558 349 765 398 Pamsaurro
791 349 938 398 oorAvA.
1211 337 1273 400 133

214 505 289 600 jam
318 500 456 575 Troicis
488 499 708 597 temporibus
738 504 880 573 tantum
911 497 1027 571 laudis
1057 496 1095 568 in
1125 495 1276 570 dicendo

217 620 342 718 Ulyssi
368 619 558 692 tribuisset
583 618 765 692 Homerus
794 626 830 690 et
857 616 1004 690 Nestori
1034 620 1198 711 (quorum
1226 617 1276 688 al·

218 749 336 811 terum
363 735 437 810 vim
462 735 595 808 habere
625 735 742 808 voluit
772 737 923 808 alterum
953 732 1181 820 suavitatem)
1208 732 1276 806 nisi

212 854 289 950 jam
318 860 398 926 tum
424 862 518 925 esset
549 852 665 924 honos
696 852 970 949 eloquentiae‘.''
1033 849 1124 923 Mox
1151 849 1277 923 iisdem

123 971 131 978 “
217 969 404 1043 decausis
430 968 579 1042 Poetam
604 968 723 1064 ipsum
749 967 1077 1065 plane'Oratorem
1103 969 1272 1064 appellat.

217 1087 307 1160 Haec
325 1086 436 1182 igitur
449 1086 572 1160 omnia
588 1086 640 1158 ita
657 1087 771 1182 accipi
788 1085 908 1172 velim,
924 1091 966 1158 ut
983 1109 1029 1157 ex
1046 1085 1158 1157 altera
1175 1090 1277 1180 parte

217 1227 359 1301 eaquae
383 1203 428 1276 de
453 1204 613 1277 moribus
637 1209 674 1275 et
695 1202 919 1277 humanitate
943 1201 1027 1274 vitae
1051 1225 1160 1298 supra
1182 1200 1278 1276 diota

218 1331 304 1392 sunt
335 1319 550 1392 confirment
580 1325 618 1391 et
648 1318 842 1406 illustrent,
871 1319 1014 1393 civilem
1041 1317 1139 1390 enim
1165 1316 1276 1390 vitam

219 1435 454 1532 subsequitur
478 1446 516 1510 et
546 1435 578 1508 ei
608 1435 805 1510 famulatur
839 1435 1055 1533 eloquentia,
1087 1459 1132 1508 ex
1166 1435 1279 1510 altera

219 1560 338 1625 autem
365 1553 532 1648 praeseuti
555 1554 724 1627 instituto
750 1554 801 1627 ita
822 1555 1015 1640 sufficiant,
1033 1559 1206 1649 tanquam
1223 1551 1275 1624 in-

217 1671 310 1745 dicia
335 1671 529 1745 crescentis
551 1672 625 1767 jam
652 1671 756 1746 istius
782 1697 862 1769 quae
885 1673 1120 1776 ingenuarum
1145 1669 1277 1744 artium

218 1789 361 1884 propria
379 1794 437 1862 est
452 1789 639 1884 elegantiae
656 1795 693 1861 et
711 1789 923 1862 venustatis.

266 1905 327 1978 Ad
353 1915 500 1978 caeteras
525 1911 682 1993 transeo,
710 1906 913 2002 etquidem
937 1907 983 1978 de
999 1905 1144 1980 Musica
1162 1929 1277 2001 pauca

217 2029 357 2096 restant
382 2021 543 2109 dicenda,
571 2043 653 2118 quae
675 2020 815 2096 scilicet
840 2023 1000 2096 nondum
1027 2047 1049 2095 a
1072 2048 1110 2096 re
1136 2021 1278 2119 poetica
1412 2077 1434 2130 ‘.

218 2141 397 2236 disjuncta
423 2149 511 2226 erat,
539 2140 602 2212 sed
630 2141 756 2214 eadem
784 2141 857 2215 fere
885 2140 1060 2237 principia
1086 2151 1124 2214 et
1152 2165 1275 2237 parem

216 2280 447 2353 progressum
474 2255 611 2330 habuit.
667 2257 795 2354 Itaque
824 2257 991 2331 Heroicae
1021 2257 1139 2332 aetatis
1162 2257 1276 2332 Vates

217 2383 332 2447 artem
355 2397 400 2446 ex
424 2379 574 2470 utraque
597 2375 833 2470 compositam
857 2375 1055 2449 exercebat.
1107 2373 1278 2448 Dubitari

217 2491 325 2564 etiam
349 2496 471 2586 potest
493 2500 616 2563 utrum
634 2491 764 2563 Poesin
786 2493 919 2564 nudam
943 2501 979 2565 et
1003 2493 1081 2565 sine
1098 2497 1276 2565 concentu

217 2607 363 2681 Musico
375 2606 586 2702 agnoverint
594 2639 605 2694 ;
624 2608 758 2681 nedum
772 2609 817 2681 ab
830 2608 918 2705 ipsis
931 2608 1094 2682 versibus
1108 2633 1278 2682 numeros

218 2735 255 2798 et
273 2723 512 2796 Harmoniam
530 2722 713 2797 Musicam
731 2749 916 2798 semovere
934 2725 1141 2798 didicerant.
1177 2725 1277 2799 Hinc

217 2839 408 2912 recentiori
429 2864 507 2912 aevo
533 2839 746 2914 Aristoteles
772 2842 809 2914 in
832 2840 1001 2928 politicis,
1021 2841 1084 2913 ubi
1111 2842 1154 2913 de
1177 2842 1277 2916 hisce

217 2957 356 3030 artibus
374 2967 553 3054 quatenus
576 2959 763 3054 juventuti
785 2958 1017 3033 instituendae
1036 2968 1072 3032 et
1089 2958 1277 3034 affectibus

218 3073 487 3146 commovendis
509 3075 710 3148 inserviunt
729 3077 837 3150 verba
854 3075 951 3164 facit,
971 3099 1044 3148 non
1062 3076 1107 3149 de
1124 3082 1277 3174 utraque

218 3189 421 3287 separatim,
442 3192 503 3264 sed
530 3192 575 3265 de
598 3191 669 3265 illis
691 3187 910 3288 conjunctim
939 3194 1157 3266 sententiam
1184 3194 1275 3283 sert,

217 3315 255 3380 et
273 3307 430 3403 exempli
447 3306 527 3381 loco
545 3307 714 3403 antiquos
732 3335 793 3383 eos
810 3322 848 3383 et
865 3309 1111 3384 memorabiles
1126 3310 1278 3409 Olympi

216 3431 346 3497 cantus
373 3424 531 3498 adducit.
585 3425 664 3500 Nec
693 3451 777 3500 vero
803 3427 854 3500 illi
880 3429 917 3499 in
940 3426 1094 3501 Poeticis
1121 3428 1174 3500 sas
1200 3436 1278 3501 erat

216 3566 293 3614 rem
312 3539 493 3614 Musicam
512 3543 660 3616 omnino
678 3545 823 3617 silentio
841 3543 1125 3641 praetermittere.
1180 3543 1276 3620 Quid

215 3669 335 3731 autem
363 3659 401 3731 in
427 3660 497 3733 hac
524 3685 561 3732 re
592 3661 818 3757 profecerint,
846 3685 1011 3759 qnaenam
1039 3661 1101 3733 illa
1129 3659 1276 3735 Heroici

216 3775 322 3848 Vatis
347 3776 503 3864 Musica,
525 3777 661 3852 frustra
687 3781 894 3875 quaerimus,
922 3803 1004 3850 oum
1032 3777 1144 3850 etiam
1170 3779 1276 3874 longe

217 3891 428 3967 recentioris
465 3894 614 3991 hujusce
648 3897 736 3970 artis
777 3901 894 3969 status
924 3894 1045 3980 tenuis
1080 3894 1274 3968 admodum

219 4008 262 4080 ad
282 4033 349 4082 nos
374 4009 503 4082 notitia
528 4013 741 4106 pervenerit.
795 4010 1015 4084 Crediderim
1043 4020 1161 4083 tamen
1188 4012 1274 4084 sim-

221 4126 357 4222 plicem
377 4126 486 4200 fuisse
504 4136 539 4201 et
559 4130 774 4214 inornatam,
800 4135 837 4200 et
863 4127 1049 4200 affectibus
1077 4128 1275 4205 excitandis

508 4352 515 4376 ¹
536 4345 582 4402 ll.
602 4344 632 4402 Τ.
652 4343 723 4414 oia,
740 4345 862 4416 Brutus,
879 4365 903 4404 c.
925 4364 967 4403 ro.
