3096 4886
528 279 742 333 samarcam
766 281 905 332 raom.
1206 263 1251 328 4⁷

193 427 253 502 vel
269 425 301 502 si
323 428 444 503 solum
460 437 639 520 verteret;
666 453 784 529 neque
807 428 1003 528 quicquam
1026 429 1096 505 fuit
1112 430 1251 505 crimen

194 555 271 622 tam
288 569 398 645 grave
411 544 509 644 quod
525 570 600 622 uon
616 547 772 644 pecunia
787 548 972 622 lueretur'
987 578 1050 622 :-

437 702 486 756 unt
498 700 547 771 μέν
558 701 599 759 rt'r
610 722 640 756 τε
653 698 819 774 κασιγνήτοιο
833 700 932 771 φονῆος

353 797 459 869 Ποινὴν,
472 795 489 869 ᾗ
503 797 534 853 οὗ
546 798 639 856 παιδὸς
651 797 757 868 ὶδίξεετο
770 796 931 866 τεθνηῶτος,

351 896 401 954 dat
412 895 438 968 ρ’
452 898 468 950 ὁ
480 895 529 966 μὲν
540 895 569 951 ἰν
578 893 651 971 δήμῳ
662 895 732 966 με’νεε
745 895 833 960 αὐτοῦ,
847 891 928 950 πόλλ’
940 891 1076 960 domine.

354 996 407 1048 Τοῦ
420 992 449 1048 dt
461 989 486 1048 τ’
501 990 633 1066 ἐρητύεται
646 991 745 1065 κραδίη,
761 992 804 1048 καὶ
818 989 899 1062 copto
910 988 1013 1065 ἆγῆνωρ

356 1087 454 1158 Ποινὴν
464 1087 613 1158 δεξαμίνον.

193 1217 331 1296 Fadem
349 1221 393 1296 de
412 1219 602 1298 Germanis
622 1219 783 1310 Tacitus,
803 1243 883 1317 quae
901 1219 947 1296 ab
963 1218 1035 1295 illis
1051 1244 1117 1319 per
1132 1229 1248 1296 totam

193 1335 379 1435 Europam
402 1339 637 1414 disseminata
662 1348 761 1428 sunt,
780 1343 819 1412 et
841 1343 930 1412 sunt
946 1346 1044 1412 certe
1068 1337 1248 1412 nascentis

189 1453 342 1552 justitio
366 1454 595 1532 rudimento:
626 1460 650 1492 “
662 1453 796 1528 Luitur
817 1453 1054 1530 homicidium
1074 1459 1172 1530 oerto
1194 1478 1250 1528 ar·

192 1581 400 1646 mentorum
422 1577 460 1648 et
482 1596 655 1670 pecorum
676 1596 842 1660 numero,
863 1570 1062 1670 recipitque
1087 1571 1250 1647 satisfac-

191 1688 332 1764 tionem
347 1690 519 1766 universa
535 1687 664 1764 domus
675 1686 724 1762 '.''
754 1687 951 1764 Pausanias
964 1698 1123 1764 veterem
1132 1687 1248 1762 Athe-

191 1805 374 1882 niensium
399 1809 517 1904 legem
543 1830 621 1882 esse
645 1805 707 1894 ait,
726 1831 811 1881 eum
838 1807 900 1905 qui
924 1807 1159 1882 homicidium
1182 1831 1247 1906 pa-

193 1932 318 2024 travit,
346 1923 500 2034 φεύγειν
526 1921 551 2026 i]
579 1924 674 2008 κατὰ
704 1926 821 2009 ταύτὰ
850 1926 1028 2029 θνήσκειν
1054 1909 1215 2028 μένοντα
1224 1935 1246 2007 ‘.

194 2049 423 2150 Supplicium
438 2051 631 2149 exigebant
647 2051 672 2124 ii
685 2052 748 2150 qui
760 2053 935 2150 sanguine
947 2053 1105 2151 proximi
1122 2066 1246 2145 erant;

192 2168 359 2244 nondum
375 2167 471 2243 enim
488 2169 536 2244 ad
551 2173 670 2244 totam
683 2169 869 2243 civitatem
881 2193 963 2244 eam
977 2195 1056 2246 rem
1068 2171 1248 2270 pertinere

191 2291 423 2375 statuerunt;
449 2308 567 2384 neque
590 2283 767 2383 supplicio
787 2287 919 2360 modus
936 2294 1015 2363 erat
1036 2287 1106 2363 nisi
1129 2314 1174 2364 ex
1186 2289 1248 2388 ju-

194 2399 284 2476 dicis
317 2401 508 2478 sententia.
560 2400 708 2478 Primus
742 2402 840 2478 enim
873 2405 1041 2480 omnium
1070 2407 1249 2482 Zaleucus

191 2543 342 2618 poenam
368 2519 508 2616 legibus
536 2518 714 2617 praefinire
747 2520 871 2596 docuit
881 2529 907 2596 ¹¹.
959 2522 1065 2598 Adeo
1098 2549 1144 2599 ex
1178 2523 1249 2600 hac

191 2645 295 2734 parte
316 2636 425 2710 rudes
448 2643 552 2712 erant
574 2641 612 2712 et
634 2637 783 2730 indocti,
801 2639 866 2713 sed
891 2639 939 2714 ad
960 2638 1110 2714 meliora
1133 2639 1249 2714 indies

191 2751 422 2828 festinabant.

244 2869 291 2943 In
315 2869 373 2944 his
396 2867 508 2968 igitur
531 2871 639 2946 rebus
665 2869 847 2946 hodiemae
873 2869 1111 2969 disputationi
1138 2871 1248 2948 finem

192 2987 311 3062 iacere
336 3011 494 3085 possem.
549 2985 645 3063 Sunt
670 2997 794 3064 autem
824 2986 895 3063 alia
921 3013 1013 3088 quae,
1045 3013 1130 3066 oum
1155 2991 1250 3067 hanc

196 3103 435 3204 quaestionem
467 3102 631 3202 proxime
657 3105 856 3203 attingunt,
882 3107 1012 3180 velex
1040 3130 1083 3181 ea
1109 3107 1248 3206 proflu-

192 3229 275 3308 unt,
300 3221 525 3318 subjiciendo
548 3244 627 3296 esse
651 3221 786 3297 censui.
841 3221 989 3296 Etenim
1014 3247 1058 3296 ex
1083 3225 1184 3298 nulla
1208 3249 1250 3300 re

192 3337 309 3434 magis
334 3361 444 3435 quom
470 3362 515 3412 ex
540 3344 742 3413 mercatura
765 3339 932 3413 homines
957 3339 1127 3415 cultiores
1152 3340 1249 3416 fiunt

190 3463 229 3529 et
245 3453 475 3528 humaniores
487 3485 497 3543 3
534 3478 651 3554 neque
684 3453 848 3531 militaris
881 3453 932 3531 rei
966 3454 1115 3530 scientia
1148 3459 1248 3554 apud

189 3571 362 3646 barbaros
388 3567 603 3648 invenienda
629 3582 697 3662 est,
725 3575 789 3647 sed
816 3574 912 3672 apud
937 3573 1020 3648 illos
1047 3573 1178 3672 quibus
1205 3597 1248 3648 ea

192 3685 371 3764 stabilitas
401 3686 567 3777 accrevit,
593 3698 637 3764 nt
665 3690 724 3764 vel
754 3690 949 3789 imperium
978 3691 1160 3778 affectent,
1188 3691 1248 3764 vel

191 3803 324 3877 saltem
347 3804 478 3879 urbem
502 3814 539 3880 et
563 3805 718 3904 patriam
738 3831 845 3883 suam
868 3806 1052 3882 munitam
1074 3803 1245 3882 habeant.

192 3919 302 3998 Quod
316 3919 477 4018 priorem
492 3922 634 4016 attinet,
654 3925 824 4022 exiguam
840 3921 952 3998 fuisse
968 3944 1117 3998 necesse
1134 3925 1191 3998 est
1207 3922 1247 3998 in

229 4111 440 4257 :mbo
465 4197 593 4262 maa,
622 4193 699 4262 οη.
778 4113 1111 4275 {Igssaiffim

189 4289 390 4349 mmmm.
406 4298 447 4338 tr.
