<?xml version="1.0" encoding="UTF-8"?>
<!DOCTYPE html PUBLIC "-//W3C//DTD XHTML 1.0 Transitional//EN"
    "http://www.w3.org/TR/xhtml1/DTD/xhtml1-transitional.dtd">
<html xmlns="http://www.w3.org/1999/xhtml" xml:lang="en" lang="en">
 <head>
  <title>
</title>
<meta http-equiv="Content-Type" content="text/html;charset=utf-8" />
  <meta name='ocr-system' content='tesseract 3.04.00' />
  <meta name='ocr-capabilities' content='ocr_page ocr_carea ocr_par ocr_line ocrx_word'/>
</head>
<body>
  <div class='ocr_page' id='page_1' title='image "./prlectionesacad00randgoog_0104.png"; bbox 0 0 3094 4898; ppageno 0'>
   <div class='ocr_carea' id='block_1_1' title="bbox 271 263 974 332">
    <p class='ocr_par' dir='ltr' id='par_1_1' title="bbox 271 263 974 332">
     <span class='ocr_line' id='line_1_1' title="bbox 271 263 974 332; baseline 0.009 -8"><span class='ocrx_word' id='word_1_1' title='bbox 271 263 317 324; x_wconf 70' lang='lat'>94</span> <span class='ocrx_word' id='word_1_2' title='bbox 616 283 828 332; x_wconf 70' lang='lat' dir='ltr'>rmorrc</span> <span class='ocrx_word' id='word_1_3' title='bbox 847 283 974 332; x_wconf 79' lang='lat' dir='ltr'>snm.</span> 
     </span>
    </p>
   </div>
   <div class='ocr_carea' id='block_1_2' title="bbox 169 429 1331 4186">
    <p class='ocr_par' dir='ltr' id='par_1_2' title="bbox 270 429 1329 644">
     <span class='ocr_line' id='line_1_2' title="bbox 270 429 1329 528; baseline 0.002 -23"><span class='ocrx_word' id='word_1_4' title='bbox 270 433 434 528; x_wconf 78' lang='lat' dir='ltr'><strong>languor,</strong></span> <span class='ocrx_word' id='word_1_5' title='bbox 459 430 593 528; x_wconf 86' lang='lat' dir='ltr'>partim</span> <span class='ocrx_word' id='word_1_6' title='bbox 617 431 811 526; x_wconf 74' lang='lat' dir='ltr'>campestri</span> <span class='ocrx_word' id='word_1_7' title='bbox 840 441 879 503; x_wconf 89' lang='lat' dir='ltr'>ct</span> <span class='ocrx_word' id='word_1_8' title='bbox 907 431 1056 504; x_wconf 81' lang='lat' dir='ltr'>incultae</span> <span class='ocrx_word' id='word_1_9' title='bbox 1080 429 1165 503; x_wconf 74' lang='lat' dir='ltr'>vitre</span> <span class='ocrx_word' id='word_1_10' title='bbox 1190 433 1329 506; x_wconf 87' lang='lat' dir='ltr'>assucti</span> 
     </span>
     <span class='ocr_line' id='line_1_3' title="bbox 272 547 896 644; baseline -0.008 -21"><span class='ocrx_word' id='word_1_11' title='bbox 272 549 365 623; x_wconf 87' lang='lat' dir='ltr'>nihil</span> <span class='ocrx_word' id='word_1_12' title='bbox 380 549 478 621; x_wconf 87' lang='lat' dir='ltr'>ultra</span> <span class='ocrx_word' id='word_1_13' title='bbox 492 571 572 620; x_wconf 80' lang='lat' dir='ltr'>eam</span> <span class='ocrx_word' id='word_1_14' title='bbox 591 571 734 644; x_wconf 87' lang='lat' dir='ltr'>sperare</span> <span class='ocrx_word' id='word_1_15' title='bbox 749 547 896 620; x_wconf 88' lang='lat' dir='ltr'>nudent.</span> 
     </span>
    </p>

    <p class='ocr_par' dir='ltr' id='par_1_3' title="bbox 169 662 1331 4186">
     <span class='ocr_line' id='line_1_4' title="bbox 323 662 1328 759; baseline 0 -21"><span class='ocrx_word' id='word_1_16' title='bbox 323 663 484 738; x_wconf 87' lang='lat' dir='ltr'>Caeterns</span> <span class='ocrx_word' id='word_1_17' title='bbox 502 662 665 736; x_wconf 81' lang='lat' dir='ltr'>Orientis</span> <span class='ocrx_word' id='word_1_18' title='bbox 688 672 815 759; x_wconf 88' lang='lat' dir='ltr'>gentes</span> <span class='ocrx_word' id='word_1_19' title='bbox 837 663 928 736; x_wconf 87' lang='lat' dir='ltr'><strong>nihil</strong></span> <span class='ocrx_word' id='word_1_20' title='bbox 952 687 1098 752; x_wconf 67' lang='lat' dir='ltr'>moron</span> <span class='ocrx_word' id='word_1_21' title='bbox 1124 669 1264 738; x_wconf 70' lang='lat' dir='ltr'>cetera</span> <span class='ocrx_word' id='word_1_22' title='bbox 1288 665 1328 738; x_wconf 92' lang='lat' dir='ltr'>in</span> 
     </span>
     <span class='ocr_line' id='line_1_5' title="bbox 273 780 1329 883; baseline 0 -27"><span class='ocrx_word' id='word_1_23' title='bbox 273 783 486 856; x_wconf 86' lang='lat' dir='ltr'>universum</span> <span class='ocrx_word' id='word_1_24' title='bbox 510 805 638 883; x_wconf 78' lang='lat' dir='ltr'>cmnes</span> <span class='ocrx_word' id='word_1_25' title='bbox 662 782 732 854; x_wconf 89' lang='lat' dir='ltr'>sub</span> <span class='ocrx_word' id='word_1_26' title='bbox 748 780 858 854; x_wconf 90' lang='lat' dir='ltr'>unius</span> <span class='ocrx_word' id='word_1_27' title='bbox 881 780 1070 854; x_wconf 87' lang='lat' dir='ltr'>dominatu</span> <span class='ocrx_word' id='word_1_28' title='bbox 1095 782 1263 856; x_wconf 84' lang='lat' dir='ltr'>miseram</span> <span class='ocrx_word' id='word_1_29' title='bbox 1289 789 1329 856; x_wconf 90' lang='lat' dir='ltr'>et</span> 
     </span>
     <span class='ocr_line' id='line_1_6' title="bbox 169 895 1327 996; baseline -0.001 -23"><span class='ocrx_word' id='word_1_30' title='bbox 169 923 186 954; x_wconf 80' lang='lat'><em>0</em></span> <span class='ocrx_word' id='word_1_31' title='bbox 272 899 451 996; x_wconf 82' lang='lat' dir='ltr'>abjectam</span> <span class='ocrx_word' id='word_1_32' title='bbox 480 897 596 971; x_wconf 85' lang='lat' dir='ltr'>vitam</span> <span class='ocrx_word' id='word_1_33' title='bbox 625 898 786 972; x_wconf 75' lang='lat' dir='ltr'>trabunt</span> <span class='ocrx_word' id='word_1_34' title='bbox 848 895 893 970; x_wconf 93' lang='lat' dir='ltr'>In</span> <span class='ocrx_word' id='word_1_35' title='bbox 919 895 977 971; x_wconf 90' lang='lat' dir='ltr'>his</span> <span class='ocrx_word' id='word_1_36' title='bbox 1006 897 1212 994; x_wconf 88' lang='lat' dir='ltr'>regionibus</span> <span class='ocrx_word' id='word_1_37' title='bbox 1242 907 1327 996; x_wconf 88' lang='lat' dir='ltr'>post</span> 
     </span>
     <span class='ocr_line' id='line_1_7' title="bbox 272 1013 1328 1114; baseline -0.001 -25"><span class='ocrx_word' id='word_1_38' title='bbox 272 1017 452 1090; x_wconf 85' lang='lat' dir='ltr'>diluvium</span> <span class='ocrx_word' id='word_1_39' title='bbox 468 1015 628 1112; x_wconf 84' lang='lat' dir='ltr'>retiquiae</span> <span class='ocrx_word' id='word_1_40' title='bbox 640 1013 793 1086; x_wconf 88' lang='lat' dir='ltr'>humani</span> <span class='ocrx_word' id='word_1_41' title='bbox 810 1014 950 1110; x_wconf 86' lang='lat' dir='ltr'>generis</span> <span class='ocrx_word' id='word_1_42' title='bbox 963 1014 1214 1088; x_wconf 86' lang='lat' dir='ltr'>consederunt.</span> <span class='ocrx_word' id='word_1_43' title='bbox 1251 1015 1328 1114; x_wconf 88' lang='lat' dir='ltr'>Ipsi</span> 
     </span>
     <span class='ocr_line' id='line_1_8' title="bbox 271 1129 1327 1230; baseline -0.001 -24"><span class='ocrx_word' id='word_1_44' title='bbox 271 1131 383 1230; x_wconf 88' lang='lat' dir='ltr'>igitur</span> <span class='ocrx_word' id='word_1_45' title='bbox 401 1138 440 1207; x_wconf 89' lang='lat' dir='ltr'>et</span> <span class='ocrx_word' id='word_1_46' title='bbox 463 1156 591 1206; x_wconf 88' lang='lat' dir='ltr'>eorum</span> <span class='ocrx_word' id='word_1_47' title='bbox 615 1129 753 1227; x_wconf 78' lang='lat' dir='ltr'>posteri</span> <span class='ocrx_word' id='word_1_48' title='bbox 777 1129 842 1227; x_wconf 88' lang='lat' dir='ltr'>qui</span> <span class='ocrx_word' id='word_1_49' title='bbox 866 1131 905 1202; x_wconf 93' lang='lat' dir='ltr'>in</span> <span class='ocrx_word' id='word_1_50' title='bbox 930 1131 1059 1204; x_wconf 86' lang='lat' dir='ltr'>iisdem</span> <span class='ocrx_word' id='word_1_51' title='bbox 1083 1131 1219 1204; x_wconf 84' lang='lat' dir='ltr'>finibus</span> <span class='ocrx_word' id='word_1_52' title='bbox 1243 1157 1327 1230; x_wconf 89' lang='lat' dir='ltr'>per·</span> 
     </span>
     <span class='ocr_line' id='line_1_9' title="bbox 272 1247 1327 1344; baseline -0.002 -20"><span class='ocrx_word' id='word_1_53' title='bbox 272 1261 496 1336; x_wconf 86' lang='lat' dir='ltr'>manserunt,</span> <span class='ocrx_word' id='word_1_54' title='bbox 524 1255 590 1322; x_wconf 88' lang='lat' dir='ltr'>aut</span> <span class='ocrx_word' id='word_1_55' title='bbox 617 1255 722 1320; x_wconf 85' lang='lat' dir='ltr'>extra</span> <span class='ocrx_word' id='word_1_56' title='bbox 749 1271 812 1320; x_wconf 87' lang='lat' dir='ltr'>eos</span> <span class='ocrx_word' id='word_1_57' title='bbox 841 1271 948 1344; x_wconf 75' lang='lat' dir='ltr'>pmce</span> <span class='ocrx_word' id='word_1_58' title='bbox 976 1247 1118 1344; x_wconf 84' lang='lat' dir='ltr'>evagati</span> <span class='ocrx_word' id='word_1_59' title='bbox 1148 1259 1249 1335; x_wconf 93' lang='lat' dir='ltr'>sunt,</span> <span class='ocrx_word' id='word_1_60' title='bbox 1280 1249 1327 1322; x_wconf 85' lang='lat' dir='ltr'>ad</span> 
     </span>
     <span class='ocr_line' id='line_1_10' title="bbox 270 1362 1326 1461; baseline -0.003 -21"><span class='ocrx_word' id='word_1_61' title='bbox 270 1373 406 1440; x_wconf 85' lang='lat' dir='ltr'>terram</span> <span class='ocrx_word' id='word_1_62' title='bbox 430 1366 643 1440; x_wconf 82' lang='lat' dir='ltr'>colendam⁸</span> <span class='ocrx_word' id='word_1_63' title='bbox 659 1371 698 1436; x_wconf 89' lang='lat' dir='ltr'>ct</span> <span class='ocrx_word' id='word_1_64' title='bbox 722 1388 784 1437; x_wconf 86' lang='lat' dir='ltr'>ecs</span> <span class='ocrx_word' id='word_1_65' title='bbox 808 1371 907 1438; x_wconf 82' lang='lat' dir='ltr'>artes</span> <span class='ocrx_word' id='word_1_66' title='bbox 932 1363 1063 1461; x_wconf 88' lang='lat' dir='ltr'>quibus</span> <span class='ocrx_word' id='word_1_67' title='bbox 1079 1362 1156 1438; x_wconf 86' lang='lat' dir='ltr'>vita</span> <span class='ocrx_word' id='word_1_68' title='bbox 1181 1371 1326 1438; x_wconf 88' lang='lat' dir='ltr'>susten·</span> 
     </span>
     <span class='ocr_line' id='line_1_11' title="bbox 270 1479 1326 1568; baseline -0.001 -12"><span class='ocrx_word' id='word_1_69' title='bbox 270 1489 373 1557; x_wconf 86' lang='lat' dir='ltr'>tatur</span> <span class='ocrx_word' id='word_1_70' title='bbox 397 1482 520 1556; x_wconf 86' lang='lat' dir='ltr'>statim</span> <span class='ocrx_word' id='word_1_71' title='bbox 545 1507 585 1555; x_wconf 88' lang='lat' dir='ltr'>se</span> <span class='ocrx_word' id='word_1_72' title='bbox 610 1483 856 1555; x_wconf 89' lang='lat' dir='ltr'>contuleruut.</span> <span class='ocrx_word' id='word_1_73' title='bbox 909 1479 1069 1554; x_wconf 81' lang='lat' dir='ltr'>Suborta</span> <span class='ocrx_word' id='word_1_74' title='bbox 1092 1489 1160 1568; x_wconf 87' lang='lat' dir='ltr'>est,</span> <span class='ocrx_word' id='word_1_75' title='bbox 1187 1492 1232 1554; x_wconf 92' lang='lat' dir='ltr'>ut</span> <span class='ocrx_word' id='word_1_76' title='bbox 1255 1481 1326 1556; x_wconf 88' lang='lat' dir='ltr'>fert</span> 
     </span>
     <span class='ocr_line' id='line_1_12' title="bbox 272 1595 1324 1695; baseline 0.002 -25"><span class='ocrx_word' id='word_1_77' title='bbox 272 1605 414 1684; x_wconf 80' lang='lat' dir='ltr'>natura,</span> <span class='ocrx_word' id='word_1_78' title='bbox 433 1596 521 1694; x_wconf 87' lang='lat' dir='ltr'>regii</span> <span class='ocrx_word' id='word_1_79' title='bbox 537 1595 680 1695; x_wconf 90' lang='lat' dir='ltr'>imperii</span> <span class='ocrx_word' id='word_1_80' title='bbox 703 1598 831 1684; x_wconf 83' lang='lat' dir='ltr'>forma,</span> <span class='ocrx_word' id='word_1_81' title='bbox 850 1621 932 1692; x_wconf 87' lang='lat' dir='ltr'>quae</span> <span class='ocrx_word' id='word_1_82' title='bbox 957 1608 1053 1670; x_wconf 89' lang='lat' dir='ltr'>certe</span> <span class='ocrx_word' id='word_1_83' title='bbox 1073 1599 1152 1694; x_wconf 86' lang='lat' dir='ltr'>jam</span> <span class='ocrx_word' id='word_1_84' title='bbox 1168 1599 1214 1671; x_wconf 88' lang='lat' dir='ltr'>nb</span> <span class='ocrx_word' id='word_1_85' title='bbox 1231 1599 1324 1672; x_wconf 91' lang='lat' dir='ltr'>anti·</span> 
     </span>
     <span class='ocr_line' id='line_1_13' title="bbox 273 1713 1327 1814; baseline 0.003 -26"><span class='ocrx_word' id='word_1_86' title='bbox 273 1713 457 1811; x_wconf 88' lang='lat' dir='ltr'>quissimis</span> <span class='ocrx_word' id='word_1_87' title='bbox 481 1715 706 1811; x_wconf 74' lang='lat' dir='ltr'><strong>temporibus</strong></span> <span class='ocrx_word' id='word_1_88' title='bbox 728 1739 774 1788; x_wconf 90' lang='lat' dir='ltr'>co</span> <span class='ocrx_word' id='word_1_89' title='bbox 798 1740 915 1813; x_wconf 91' lang='lat' dir='ltr'>usque</span> <span class='ocrx_word' id='word_1_90' title='bbox 938 1716 1105 1804; x_wconf 78' lang='lat' dir='ltr'><strong>accrevit,</strong></span> <span class='ocrx_word' id='word_1_91' title='bbox 1129 1727 1172 1790; x_wconf 91' lang='lat' dir='ltr'>ut</span> <span class='ocrx_word' id='word_1_92' title='bbox 1197 1718 1327 1814; x_wconf 82' lang='lat' dir='ltr'>majes-</span> 
     </span>
     <span class='ocr_line' id='line_1_14' title="bbox 274 1831 1324 1928; baseline 0.003 -25"><span class='ocrx_word' id='word_1_93' title='bbox 274 1837 349 1904; x_wconf 89' lang='lat' dir='ltr'>tate</span> <span class='ocrx_word' id='word_1_94' title='bbox 365 1837 403 1904; x_wconf 88' lang='lat' dir='ltr'>et</span> <span class='ocrx_word' id='word_1_95' title='bbox 419 1837 596 1928; x_wconf 88' lang='lat' dir='ltr'>apparatu</span> <span class='ocrx_word' id='word_1_96' title='bbox 609 1855 676 1904; x_wconf 91' lang='lat' dir='ltr'>suo</span> <span class='ocrx_word' id='word_1_97' title='bbox 692 1831 884 1904; x_wconf 91' lang='lat' dir='ltr'>hominum</span> <span class='ocrx_word' id='word_1_98' title='bbox 901 1831 1042 1904; x_wconf 82' lang='lat' dir='ltr'>animos</span> <span class='ocrx_word' id='word_1_99' title='bbox 1058 1832 1324 1928; x_wconf 81' lang='lat' dir='ltr'>perstringeret.</span> 
     </span>
     <span class='ocr_line' id='line_1_15' title="bbox 275 1943 1325 2044; baseline 0.002 -24"><span class='ocrx_word' id='word_1_100' title='bbox 275 1945 369 2021; x_wconf 85' lang='lat' dir='ltr'>Mox</span> <span class='ocrx_word' id='word_1_101' title='bbox 394 1946 474 2044; x_wconf 92' lang='lat' dir='ltr'>ipso</span> <span class='ocrx_word' id='word_1_102' title='bbox 495 1945 578 2020; x_wconf 77' lang='lat' dir='ltr'>vitm</span> <span class='ocrx_word' id='word_1_103' title='bbox 603 1943 718 2020; x_wconf 87' lang='lat' dir='ltr'>civilis</span> <span class='ocrx_word' id='word_1_104' title='bbox 744 1954 856 2034; x_wconf 85' lang='lat' dir='ltr'>statu,</span> <span class='ocrx_word' id='word_1_105' title='bbox 875 1947 954 2043; x_wconf 86' lang='lat' dir='ltr'>ipsa</span> <span class='ocrx_word' id='word_1_106' title='bbox 978 1949 1089 2021; x_wconf 89' lang='lat' dir='ltr'>etiarn</span> <span class='ocrx_word' id='word_1_107' title='bbox 1113 1949 1182 2022; x_wconf 87' lang='lat' dir='ltr'>soli</span> <span class='ocrx_word' id='word_1_108' title='bbox 1206 1957 1245 2022; x_wconf 90' lang='lat' dir='ltr'>et</span> <span class='ocrx_word' id='word_1_109' title='bbox 1268 1973 1325 2022; x_wconf 90' lang='lat' dir='ltr'>re-</span> 
     </span>
     <span class='ocr_line' id='line_1_16' title="bbox 273 2063 1327 2162; baseline -0.002 -22"><span class='ocrx_word' id='word_1_110' title='bbox 273 2066 391 2162; x_wconf 85' lang='lat' dir='ltr'>gionis</span> <span class='ocrx_word' id='word_1_111' title='bbox 415 2075 548 2140; x_wconf 82' lang='lat' dir='ltr'>natura</span> <span class='ocrx_word' id='word_1_112' title='bbox 571 2064 778 2161; x_wconf 85' lang='lat' dir='ltr'>adjuvante,</span> <span class='ocrx_word' id='word_1_113' title='bbox 797 2063 849 2138; x_wconf 86' lang='lat' dir='ltr'>ita</span> <span class='ocrx_word' id='word_1_114' title='bbox 872 2063 1098 2152; x_wconf 84' lang='lat' dir='ltr'>inveteravit,</span> <span class='ocrx_word' id='word_1_115' title='bbox 1117 2076 1161 2138; x_wconf 95' lang='lat' dir='ltr'>ut</span> <span class='ocrx_word' id='word_1_116' title='bbox 1182 2065 1327 2138; x_wconf 82' lang='lat' dir='ltr'>easdem</span> 
     </span>
     <span class='ocr_line' id='line_1_17' title="bbox 273 2181 1328 2280; baseline -0.002 -24"><span class='ocrx_word' id='word_1_117' title='bbox 273 2185 426 2280; x_wconf 89' lang='lat' dir='ltr'>quasin</span> <span class='ocrx_word' id='word_1_118' title='bbox 442 2183 580 2256; x_wconf 77' lang='lat' dir='ltr'>ceteris</span> <span class='ocrx_word' id='word_1_119' title='bbox 606 2181 813 2277; x_wconf 82' lang='lat' dir='ltr'>regionibus</span> <span class='ocrx_word' id='word_1_120' title='bbox 829 2181 1095 2255; x_wconf 84' lang='lat' dir='ltr'>vicissitudines</span> <span class='ocrx_word' id='word_1_121' title='bbox 1121 2206 1195 2255; x_wconf 92' lang='lat' dir='ltr'>non</span> <span class='ocrx_word' id='word_1_122' title='bbox 1220 2205 1328 2280; x_wconf 87' lang='lat' dir='ltr'>passa</span> 
     </span>
     <span class='ocr_line' id='line_1_18' title="bbox 274 2295 1328 2396; baseline -0.002 -22"><span class='ocrx_word' id='word_1_123' title='bbox 274 2299 334 2374; x_wconf 88' lang='lat' dir='ltr'>sit.</span> <span class='ocrx_word' id='word_1_124' title='bbox 397 2297 526 2396; x_wconf 90' lang='lat' dir='ltr'>Siquid</span> <span class='ocrx_word' id='word_1_125' title='bbox 558 2299 654 2371; x_wconf 81' lang='lat' dir='ltr'>inber</span> <span class='ocrx_word' id='word_1_126' title='bbox 687 2295 784 2371; x_wconf 89' lang='lat' dir='ltr'>cives</span> <span class='ocrx_word' id='word_1_127' title='bbox 817 2303 1065 2372; x_wconf 74' lang='lat' dir='ltr'>concertatum</span> <span class='ocrx_word' id='word_1_128' title='bbox 1099 2298 1220 2386; x_wconf 77' lang='lat' dir='ltr'>tuerit,</span> <span class='ocrx_word' id='word_1_129' title='bbox 1252 2324 1328 2372; x_wconf 94' lang='lat' dir='ltr'>non</span> 
     </span>
     <span class='ocr_line' id='line_1_19' title="bbox 274 2413 1325 2514; baseline 0.002 -25"><span class='ocrx_word' id='word_1_130' title='bbox 274 2417 365 2489; x_wconf 91' lang='lat' dir='ltr'>illud</span> <span class='ocrx_word' id='word_1_131' title='bbox 382 2417 566 2514; x_wconf 87' lang='lat' dir='ltr'>agebatur,</span> <span class='ocrx_word' id='word_1_132' title='bbox 580 2425 624 2488; x_wconf 94' lang='lat' dir='ltr'>ut</span> <span class='ocrx_word' id='word_1_133' title='bbox 636 2415 720 2510; x_wconf 86' lang='lat' dir='ltr'>jura</span> <span class='ocrx_word' id='word_1_134' title='bbox 736 2422 775 2487; x_wconf 89' lang='lat' dir='ltr'>et</span> <span class='ocrx_word' id='word_1_135' title='bbox 790 2415 993 2494; x_wconf 83' lang='lat' dir='ltr'>libertatem</span> <span class='ocrx_word' id='word_1_136' title='bbox 1010 2413 1078 2489; x_wconf 89' lang='lat' dir='ltr'>sibi</span> <span class='ocrx_word' id='word_1_137' title='bbox 1091 2416 1325 2506; x_wconf 81' lang='lat' dir='ltr'>vindicarent,</span> 
     </span>
     <span class='ocr_line' id='line_1_20' title="bbox 274 2529 1326 2628; baseline 0.002 -22"><span class='ocrx_word' id='word_1_138' title='bbox 274 2534 339 2606; x_wconf 87' lang='lat' dir='ltr'>sed</span> <span class='ocrx_word' id='word_1_139' title='bbox 354 2538 481 2606; x_wconf 90' lang='lat' dir='ltr'>utrum</span> <span class='ocrx_word' id='word_1_140' title='bbox 497 2532 584 2605; x_wconf 88' lang='lat' dir='ltr'>huic</span> <span class='ocrx_word' id='word_1_141' title='bbox 605 2538 671 2603; x_wconf 86' lang='lat' dir='ltr'>aut</span> <span class='ocrx_word' id='word_1_142' title='bbox 694 2529 747 2603; x_wconf 92' lang='lat' dir='ltr'>illi</span> <span class='ocrx_word' id='word_1_143' title='bbox 769 2530 919 2604; x_wconf 92' lang='lat' dir='ltr'>domino</span> <span class='ocrx_word' id='word_1_144' title='bbox 939 2531 1172 2628; x_wconf 90' lang='lat' dir='ltr'>potissimum</span> <span class='ocrx_word' id='word_1_145' title='bbox 1191 2534 1326 2608; x_wconf 85' lang='lat' dir='ltr'>adscri-</span> 
     </span>
     <span class='ocr_line' id='line_1_21' title="bbox 273 2647 1327 2758; baseline 0.012 -36"><span class='ocrx_word' id='word_1_146' title='bbox 273 2650 468 2723; x_wconf 80' lang='lat' dir='ltr'>berentur:</span> <span class='ocrx_word' id='word_1_147' title='bbox 497 2648 541 2732; x_wconf 80' lang='grc' dir='ltr'>τὸ</span> <span class='ocrx_word' id='word_1_148' title='bbox 564 2647 605 2730; x_wconf 70' lang='grc' dir='ltr'>δὲ</span> <span class='ocrx_word' id='word_1_149' title='bbox 633 2653 815 2754; x_wconf 85' lang='grc' dir='ltr'>ἀνδρεῖον,</span> <span class='ocrx_word' id='word_1_150' title='bbox 835 2652 897 2730; x_wconf 79' lang='grc' dir='ltr'>καὶ</span> <span class='ocrx_word' id='word_1_151' title='bbox 924 2647 968 2731; x_wconf 81' lang='lat' dir='ltr'>rb</span> <span class='ocrx_word' id='word_1_152' title='bbox 996 2651 1246 2758; x_wconf 72' lang='grc' dir='ltr'>ταλαιπωρὸν,</span> <span class='ocrx_word' id='word_1_153' title='bbox 1266 2657 1327 2735; x_wconf 78' lang='grc' dir='ltr'>καὶ</span> 
     </span>
     <span class='ocr_line' id='line_1_22' title="bbox 206 2773 1329 2880; baseline 0.001 -20"><span class='ocrx_word' id='word_1_154' title='bbox 206 2789 212 2798; x_wconf 85' lang='grc'><strong>’</strong></span> <span class='ocrx_word' id='word_1_155' title='bbox 274 2773 319 2860; x_wconf 76' lang='grc' dir='ltr'>τὸ</span> <span class='ocrx_word' id='word_1_156' title='bbox 346 2778 520 2880; x_wconf 83' lang='grc' dir='ltr'>ἔμπονον,</span> <span class='ocrx_word' id='word_1_157' title='bbox 549 2781 611 2859; x_wconf 82' lang='grc' dir='ltr'>καὶ</span> <span class='ocrx_word' id='word_1_158' title='bbox 639 2777 683 2858; x_wconf 77' lang='grc' dir='ltr'>τὸ</span> <span class='ocrx_word' id='word_1_159' title='bbox 716 2774 917 2878; x_wconf 74' lang='grc' dir='ltr'>θυμοειδὲς,</span> <span class='ocrx_word' id='word_1_160' title='bbox 944 2779 1011 2859; x_wconf 80' lang='grc' dir='ltr'>οὐκ</span> <span class='ocrx_word' id='word_1_161' title='bbox 1038 2779 1085 2858; x_wconf 78' lang='grc' dir='ltr'>ἅν</span> <span class='ocrx_word' id='word_1_162' title='bbox 1112 2777 1261 2860; x_wconf 74' lang='grc' dir='ltr'>δύναιτο</span> <span class='ocrx_word' id='word_1_163' title='bbox 1288 2783 1329 2861; x_wconf 84' lang='grc' dir='ltr'>ἐν</span> 
     </span>
     <span class='ocr_line' id='line_1_23' title="bbox 274 2903 1328 3015; baseline 0.007 -30"><span class='ocrx_word' id='word_1_164' title='bbox 274 2903 426 3011; x_wconf 76' lang='grc' dir='ltr'>τοιαύτῃ</span> <span class='ocrx_word' id='word_1_165' title='bbox 446 2905 563 3015; x_wconf 77' lang='grc' dir='ltr'>φύσει</span> <span class='ocrx_word' id='word_1_166' title='bbox 582 2905 824 3010; x_wconf 73' lang='grc' dir='ltr'>ἐγγίγνεσθαι</span> <span class='ocrx_word' id='word_1_167' title='bbox 832 2909 857 2985; x_wconf 86' lang='lat'>⁸.</span> <span class='ocrx_word' id='word_1_168' title='bbox 885 2914 983 2989; x_wconf 91' lang='lat' dir='ltr'>Cum</span> <span class='ocrx_word' id='word_1_169' title='bbox 1005 2915 1075 2990; x_wconf 86' lang='lat' dir='ltr'>illis</span> <span class='ocrx_word' id='word_1_170' title='bbox 1098 2916 1162 3013; x_wconf 90' lang='lat' dir='ltr'>qui</span> <span class='ocrx_word' id='word_1_171' title='bbox 1183 2917 1328 3015; x_wconf 79' lang='lat' dir='ltr'>longius</span> 
     </span>
     <span class='ocr_line' id='line_1_24' title="bbox 275 3030 1328 3129; baseline 0.005 -26"><span class='ocrx_word' id='word_1_172' title='bbox 275 3037 380 3103; x_wconf 84' lang='lat' dir='ltr'>extra</span> <span class='ocrx_word' id='word_1_173' title='bbox 407 3031 498 3102; x_wconf 85' lang='lat' dir='ltr'>fines</span> <span class='ocrx_word' id='word_1_174' title='bbox 525 3055 612 3104; x_wconf 92' lang='lat' dir='ltr'>suos</span> <span class='ocrx_word' id='word_1_175' title='bbox 638 3030 780 3127; x_wconf 79' lang='lat' dir='ltr'>evagati</span> <span class='ocrx_word' id='word_1_176' title='bbox 806 3037 905 3119; x_wconf 85' lang='lat' dir='ltr'>sunt,</span> <span class='ocrx_word' id='word_1_177' title='bbox 935 3033 998 3129; x_wconf 92' lang='lat' dir='ltr'>qui</span> <span class='ocrx_word' id='word_1_178' title='bbox 1024 3039 1205 3106; x_wconf 82' lang='lat' dir='ltr'>extremas</span> <span class='ocrx_word' id='word_1_179' title='bbox 1231 3035 1328 3108; x_wconf 84' lang='lat' dir='ltr'>Asiae</span> 
     </span>
     <span class='ocr_line' id='line_1_25' title="bbox 275 3143 1327 3247; baseline 0.006 -31"><span class='ocrx_word' id='word_1_180' title='bbox 275 3149 397 3240; x_wconf 85' lang='lat' dir='ltr'>partes</span> <span class='ocrx_word' id='word_1_181' title='bbox 436 3143 656 3233; x_wconf 87' lang='lat' dir='ltr'>insederunt,</span> <span class='ocrx_word' id='word_1_182' title='bbox 690 3146 749 3218; x_wconf 90' lang='lat' dir='ltr'>vel</span> <span class='ocrx_word' id='word_1_183' title='bbox 788 3145 905 3242; x_wconf 90' lang='lat' dir='ltr'>ipsam</span> <span class='ocrx_word' id='word_1_184' title='bbox 939 3146 1092 3244; x_wconf 90' lang='lat' dir='ltr'>denique</span> <span class='ocrx_word' id='word_1_185' title='bbox 1130 3148 1327 3247; x_wconf 86' lang='lat' dir='ltr'>Europum,</span> 
     </span>
     <span class='ocr_line' id='line_1_26' title="bbox 275 3257 1330 3360; baseline 0.008 -29"><span class='ocrx_word' id='word_1_186' title='bbox 275 3257 451 3356; x_wconf 84' lang='lat' dir='ltr'>Caspium</span> <span class='ocrx_word' id='word_1_187' title='bbox 489 3270 554 3333; x_wconf 86' lang='lat' dir='ltr'>aut</span> <span class='ocrx_word' id='word_1_188' title='bbox 596 3260 783 3334; x_wconf 85' lang='lat' dir='ltr'>Euxinum</span> <span class='ocrx_word' id='word_1_189' title='bbox 822 3287 922 3337; x_wconf 88' lang='lat' dir='ltr'>marc</span> <span class='ocrx_word' id='word_1_190' title='bbox 961 3263 1185 3360; x_wconf 81' lang='lat' dir='ltr'>praetervecti</span> <span class='ocrx_word' id='word_1_191' title='bbox 1221 3273 1330 3354; x_wconf 85' lang='lat' dir='ltr'>(terra</span> 
     </span>
     <span class='ocr_line' id='line_1_27' title="bbox 275 3375 1330 3469; baseline 0.008 -21"><span class='ocrx_word' id='word_1_192' title='bbox 275 3376 375 3448; x_wconf 88' lang='lat' dir='ltr'>enim</span> <span class='ocrx_word' id='word_1_193' title='bbox 403 3385 446 3450; x_wconf 91' lang='lat' dir='ltr'>ut</span> <span class='ocrx_word' id='word_1_194' title='bbox 479 3375 647 3450; x_wconf 88' lang='lat' dir='ltr'>credibile</span> <span class='ocrx_word' id='word_1_195' title='bbox 674 3383 732 3452; x_wconf 91' lang='lat' dir='ltr'>est</span> <span class='ocrx_word' id='word_1_196' title='bbox 756 3377 826 3451; x_wconf 89' lang='lat' dir='ltr'>iter</span> <span class='ocrx_word' id='word_1_197' title='bbox 852 3377 1043 3469; x_wconf 81' lang='lat' dir='ltr'>faciebant)</span> <span class='ocrx_word' id='word_1_198' title='bbox 1076 3380 1147 3453; x_wconf 86' lang='lat' dir='ltr'>alia</span> <span class='ocrx_word' id='word_1_199' title='bbox 1179 3383 1330 3456; x_wconf 90' lang='lat' dir='ltr'>omnino</span> 
     </span>
     <span class='ocr_line' id='line_1_28' title="bbox 274 3490 1331 3592; baseline 0.006 -26"><span class='ocrx_word' id='word_1_200' title='bbox 274 3516 333 3566; x_wconf 85' lang='lat' dir='ltr'>res</span> <span class='ocrx_word' id='word_1_201' title='bbox 349 3504 417 3566; x_wconf 84' lang='lat' dir='ltr'>cst.</span> <span class='ocrx_word' id='word_1_202' title='bbox 469 3490 630 3589; x_wconf 67' lang='lat' dir='ltr'>langius</span> <span class='ocrx_word' id='word_1_203' title='bbox 647 3492 745 3567; x_wconf 90' lang='lat' dir='ltr'>enim</span> <span class='ocrx_word' id='word_1_204' title='bbox 761 3495 926 3590; x_wconf 85' lang='lat' dir='ltr'>provecti</span> <span class='ocrx_word' id='word_1_205' title='bbox 949 3503 987 3568; x_wconf 91' lang='lat' dir='ltr'>et</span> <span class='ocrx_word' id='word_1_206' title='bbox 1003 3495 1210 3592; x_wconf 84' lang='lat' dir='ltr'>regionibus</span> <span class='ocrx_word' id='word_1_207' title='bbox 1235 3497 1331 3572; x_wconf 84' lang='lat' dir='ltr'>inter</span> 
     </span>
     <span class='ocr_line' id='line_1_29' title="bbox 275 3607 1329 3710; baseline 0.005 -28"><span class='ocrx_word' id='word_1_208' title='bbox 275 3632 315 3682; x_wconf 89' lang='lat' dir='ltr'>se</span> <span class='ocrx_word' id='word_1_209' title='bbox 332 3607 468 3682; x_wconf 89' lang='lat' dir='ltr'>dissitis</span> <span class='ocrx_word' id='word_1_210' title='bbox 485 3607 603 3698; x_wconf 86' lang='lat' dir='ltr'>divisi,</span> <span class='ocrx_word' id='word_1_211' title='bbox 622 3610 668 3683; x_wconf 93' lang='lat' dir='ltr'>ad</span> <span class='ocrx_word' id='word_1_212' title='bbox 684 3607 794 3683; x_wconf 91' lang='lat' dir='ltr'>unius</span> <span class='ocrx_word' id='word_1_213' title='bbox 811 3610 905 3706; x_wconf 86' lang='lat' dir='ltr'>regis</span> <span class='ocrx_word' id='word_1_214' title='bbox 930 3621 994 3684; x_wconf 90' lang='lat' dir='ltr'>aut</span> <span class='ocrx_word' id='word_1_215' title='bbox 1004 3609 1120 3686; x_wconf 82' lang='lat' dir='ltr'>&#39;ducis</span> <span class='ocrx_word' id='word_1_216' title='bbox 1137 3613 1329 3710; x_wconf 89' lang='lat' dir='ltr'>imperium</span> 
     </span>
     <span class='ocr_line' id='line_1_30' title="bbox 274 3724 1329 3825; baseline 0.005 -26"><span class='ocrx_word' id='word_1_217' title='bbox 274 3724 435 3800; x_wconf 83' lang='lat' dir='ltr'>revocari</span> <span class='ocrx_word' id='word_1_218' title='bbox 452 3748 528 3798; x_wconf 92' lang='lat' dir='ltr'>non</span> <span class='ocrx_word' id='word_1_219' title='bbox 550 3733 759 3823; x_wconf 88' lang='lat' dir='ltr'>potuerunt,</span> <span class='ocrx_word' id='word_1_220' title='bbox 778 3750 896 3823; x_wconf 91' lang='lat' dir='ltr'>neque</span> <span class='ocrx_word' id='word_1_221' title='bbox 919 3727 1057 3825; x_wconf 85' lang='lat' dir='ltr'>exejus</span> <span class='ocrx_word' id='word_1_222' title='bbox 1081 3736 1175 3803; x_wconf 90' lang='lat' dir='ltr'>nutu</span> <span class='ocrx_word' id='word_1_223' title='bbox 1198 3729 1329 3824; x_wconf 86' lang='lat' dir='ltr'>guber-</span> 
     </span>
     <span class='ocr_line' id='line_1_31' title="bbox 275 3840 1331 3942; baseline 0.004 -26"><span class='ocrx_word' id='word_1_224' title='bbox 275 3842 362 3916; x_wconf 86' lang='lat' dir='ltr'>nari</span> <span class='ocrx_word' id='word_1_225' title='bbox 415 3841 469 3914; x_wconf 85' lang='lat' dir='ltr'>Er</span> <span class='ocrx_word' id='word_1_226' title='bbox 494 3840 574 3939; x_wconf 88' lang='lat' dir='ltr'>ipsa</span> <span class='ocrx_word' id='word_1_227' title='bbox 598 3842 708 3939; x_wconf 88' lang='lat' dir='ltr'>igitur</span> <span class='ocrx_word' id='word_1_228' title='bbox 730 3843 793 3916; x_wconf 83' lang='lat' dir='ltr'>illa</span> <span class='ocrx_word' id='word_1_229' title='bbox 814 3841 1014 3942; x_wconf 86' lang='lat' dir='ltr'>longinqua</span> <span class='ocrx_word' id='word_1_230' title='bbox 1037 3845 1270 3942; x_wconf 80' lang='lat' dir='ltr'>profectione,</span> <span class='ocrx_word' id='word_1_231' title='bbox 1292 3855 1331 3920; x_wconf 87' lang='lat' dir='ltr'>et</span> 
     </span>
     <span class='ocr_line' id='line_1_32' title="bbox 275 3958 1330 4057; baseline 0.004 -26"><span class='ocrx_word' id='word_1_232' title='bbox 275 3958 511 4032; x_wconf 91' lang='lat' dir='ltr'>multitudine</span> <span class='ocrx_word' id='word_1_233' title='bbox 527 3959 662 4032; x_wconf 85' lang='lat' dir='ltr'>civium</span> <span class='ocrx_word' id='word_1_234' title='bbox 679 3958 794 4055; x_wconf 85' lang='lat' dir='ltr'>magis</span> <span class='ocrx_word' id='word_1_235' title='bbox 812 3958 997 4057; x_wconf 87' lang='lat' dir='ltr'>magisque</span> <span class='ocrx_word' id='word_1_236' title='bbox 1015 3959 1130 4035; x_wconf 86' lang='lat' dir='ltr'>indies</span> <span class='ocrx_word' id='word_1_237' title='bbox 1147 3972 1330 4036; x_wconf 74' lang='lat' dir='ltr'>crescente</span> 
     </span>
     <span class='ocr_line' id='line_1_33' title="bbox 273 4073 1329 4186; baseline 0.004 -38"><span class='ocrx_word' id='word_1_238' title='bbox 273 4073 313 4148; x_wconf 92' lang='lat' dir='ltr'>in</span> <span class='ocrx_word' id='word_1_239' title='bbox 330 4075 418 4148; x_wconf 84' lang='lat' dir='ltr'>alins</span> <span class='ocrx_word' id='word_1_240' title='bbox 441 4081 552 4173; x_wconf 86' lang='lat' dir='ltr'>atque</span> <span class='ocrx_word' id='word_1_241' title='bbox 577 4077 666 4151; x_wconf 83' lang='lat' dir='ltr'>alias</span> <span class='ocrx_word' id='word_1_242' title='bbox 688 4076 853 4186; x_wconf 78' lang='lat' dir='ltr'>civitates</span> <span class='ocrx_word' id='word_1_243' title='bbox 871 4077 1056 4152; x_wconf 87' lang='lat' dir='ltr'>distributi</span> <span class='ocrx_word' id='word_1_244' title='bbox 1079 4087 1178 4168; x_wconf 90' lang='lat' dir='ltr'>sunt,</span> <span class='ocrx_word' id='word_1_245' title='bbox 1196 4079 1329 4177; x_wconf 90' lang='lat' dir='ltr'>quibus</span> 
     </span>
    </p>
   </div>
   <div class='ocr_carea' id='block_1_3' title="bbox 294 4265 1310 4353">
    <p class='ocr_par' dir='ltr' id='par_1_4' title="bbox 294 4265 1310 4353">
     <span class='ocr_line' id='line_1_34' title="bbox 294 4265 1310 4353; baseline 0.006 -28"><span class='ocrx_word' id='word_1_246' title='bbox 294 4265 395 4326; x_wconf 58' lang='grc' dir='ltr'>ινα..</span> <span class='ocrx_word' id='word_1_247' title='bbox 410 4265 449 4326; x_wconf 72' lang='lat'>11.</span> <span class='ocrx_word' id='word_1_248' title='bbox 466 4289 508 4330; x_wconf 61' lang='grc' dir='ltr'>ω.</span> <span class='ocrx_word' id='word_1_249' title='bbox 559 4267 1106 4353; x_wconf 49' lang='lat' dir='ltr'>mammaeae-ancras,</span> <span class='ocrx_word' id='word_1_250' title='bbox 1122 4273 1310 4346; x_wconf 52' lang='lat' dir='ltr'>nous„</span> 
     </span>
    </p>
   </div>
   <div class='ocr_carea' id='block_1_4' title="bbox 0 0 1556 4898">
    <p class='ocr_par' dir='ltr' id='par_1_5' title="bbox 0 0 1556 4898">
     <span class='ocr_line' id='line_1_35' title="bbox 0 0 1556 4898; baseline 0 0"><span class='ocrx_word' id='word_1_251' title='bbox 0 0 1556 4898; x_wconf 95' lang='lat' dir='ltr'> </span> 
     </span>
    </p>
   </div>
  </div>
 </body>
</html>
