3094 4898
540 283 752 333 ramuncrro
772 282 945 332 suerrus.
1212 273 1274 336 109

218 433 294 507 cuti
318 433 485 506 suntsed
511 431 646 506 Graecis
671 431 853 528 magistris
872 429 940 505 usi.
992 431 1124 505 Totam
1149 437 1274 506 autem

219 549 498 624 Neotericorum
515 548 641 646 poesin
657 573 703 622 ex
721 549 849 623 Graeca
864 556 902 621 et
919 548 1084 623 Romana
1100 549 1272 647 conjunc·
1406 566 1411 573 ⁴

220 667 288 741 tim
316 666 530 763 profluxisse
560 673 716 740 constat.
780 664 980 738 Asiaticam
1014 665 1105 738 nihil
1138 691 1271 755 moror,

222 808 332 881 quam
355 789 453 858 certe
477 783 660 880 turgidam
682 808 761 858 esse
786 789 824 857 et
848 782 969 856 minus
995 782 1169 856 sinceram
1198 808 1273 857 uno

221 900 295 974 lere
322 925 384 975 ore
411 923 539 975 omnes
566 909 780 996 agnoscunt,
813 899 944 998 quibus
979 923 1110 972 sanum
1137 901 1181 973 de
1215 902 1273 976 his

220 1019 329 1092 rebus
351 1017 532 1115 judicium
562 1027 629 1092 est.
692 1016 852 1091 Sufficiat
882 1018 926 1090 de
954 1017 1016 1090 illa
1048 1018 1160 1115 loqui,
1192 1042 1272 1115 quae

219 1135 386 1209 Athenas
411 1134 450 1207 in
466 1139 614 1209 tantum
640 1133 782 1222 extulit,
802 1159 882 1230 quae
905 1134 1089 1207 Romanos
1114 1142 1273 1230 agrestes

222 1259 260 1325 et
284 1252 380 1326 bello
409 1250 544 1324 seroces
574 1249 745 1339 excoluit,
774 1276 855 1349 qua
883 1250 1038 1347 denique
1067 1275 1131 1347 per
1155 1257 1273 1325 totam
1356 1259 1360 1268 '

221 1367 406 1465 Europam
423 1367 552 1442 habitu
564 1377 601 1441 et
618 1367 772 1441 fortunis
796 1365 870 1441 suis
888 1367 1028 1440 diversa
1044 1367 1275 1442 disseminata

223 1491 289 1558 est.
340 1483 501 1558 Sufficiat
529 1483 568 1557 in
597 1507 641 1557 ea
669 1495 833 1581 tempora
866 1482 1032 1558 incidisse
1058 1509 1137 1580 quae
1167 1485 1274 1558 unice

223 1611 334 1675 tantae
351 1601 403 1674 rei
419 1601 615 1698 primordia
631 1603 933 1696 complectuntur.

221 1709 233 1736 ⁹
273 1717 352 1791 Nec
369 1742 455 1792 vero
479 1741 561 1790 sum
586 1715 731 1814 ignarus
757 1741 866 1815 quam
884 1716 1064 1790 difficilem
1082 1727 1118 1792 et
1143 1718 1273 1792 obscu-

222 1857 302 1907 rem
330 1855 407 1906 rem
436 1832 526 1906 mihi
560 1835 786 1908 mactandam
816 1834 984 1930 suscipio,
1015 1858 1132 1932 neque
1165 1860 1273 1932 quam

222 1974 303 2024 sero
321 1975 366 2022 ex
392 1973 434 2023 ea
455 1949 618 2046 caligine,
638 1974 710 2047 qua
727 1949 890 2023 omnium
915 1949 990 2023 fere
1015 1950 1147 2024 artium
1173 1951 1272 2048 origo

222 2065 399 2153 obruitur,
431 2090 469 2140 se
498 2066 658 2163 expediit
684 2090 858 2163 magnum
885 2072 923 2140 ct
950 2067 1092 2141 illustre
1116 2067 1272 2142 Poeseos

221 2207 380 2272 nomen;
406 2185 503 2257 unde
529 2184 668 2258 fectum
690 2190 757 2272 est,
777 2192 820 2259 ut
843 2184 941 2258 illam
963 2184 1085 2282 potius
1108 2184 1183 2258 suis
1205 2209 1274 2259 nu·

222 2298 332 2373 meris
348 2300 553 2375 absolutam
568 2299 803 2398 contemplari
821 2302 1012 2391 soleamus,
1028 2325 1137 2399 quam
1155 2302 1273 2375 medio

214 2416 259 2489 viu
278 2440 388 2489 cursu
404 2422 442 2488 et
459 2416 580 2490 habitu
599 2417 761 2490 nondum
778 2417 934 2491 exculto.

274 2529 526 2605 Memorantur
551 2533 699 2628 quidem
728 2557 802 2606 non
827 2533 934 2628 pauci
961 2542 1046 2605 ante
1070 2531 1274 2607 Homerum

226 2645 438 2742 Scriptores,
458 2672 611 2745 quorum
637 2648 710 2722 fere
736 2648 901 2721 omnium
926 2648 1073 2720 nomina
1098 2658 1135 2720 et
1160 2650 1205 2722 de
1230 2650 1274 2722 iis

223 2762 434 2837 testimonia
463 2765 645 2860 congessit
669 2764 854 2839 Fabricius
883 2764 923 2836 in
952 2763 1180 2838 Bibliotheca
1210 2789 1275 2840 sua

227 2878 361 2954 Graeca.
414 2879 532 2954 Nobis
559 2905 633 2954 non
663 2888 769 2956 vacat
803 2880 848 2954 de
882 2879 1031 2976 singulis
1059 2881 1275 2955 sententiam

224 2995 329 3083 serre,
357 3020 475 3094 neque
500 3021 587 3070 vero
621 3021 738 3094 operae
772 2996 928 3095 pretium
964 3007 1031 3085 est,
1060 3022 1145 3071 cum
1176 2999 1275 3072 dubii

224 3113 387 3211 plerique
421 3112 576 3186 nominis
610 3114 683 3187 sint
720 3120 758 3188 et
790 3112 1031 3189 authoritatis.
1095 3114 1275 3189 Nostrum

224 3237 348 3303 tamen
366 3240 421 3304 est
439 3229 633 3325 dijudicare
650 3254 809 3328 quonam
835 3254 943 3304 sensu
970 3231 1047 3304 haec
1067 3231 1275 3328 accipienda

225 3355 324 3434 sunt,
342 3369 387 3418 nc
403 3345 497 3419 forte
513 3352 648 3418 temere
671 3369 948 3440 agnosceremus
969 3345 1082 3419 Iliada
1097 3354 1135 3420 et
1153 3345 1275 3442 Odys-

224 3484 324 3534 scam
349 3461 466 3558 prima
494 3459 604 3533 luisse
629 3459 808 3533 nascentis
838 3460 962 3533 statim
982 3459 1137 3534 Poeseos
1162 3460 1275 3533 incre·

225 3584 361 3657 menta,
411 3576 565 3650 Facilius
590 3575 701 3673 igitur
725 3577 770 3650 de
796 3576 863 3650 hac
890 3601 928 3651 re
951 3575 1126 3672 judicium
1152 3576 1219 3648 crit
1245 3575 1276 3648 si

224 3693 263 3766 in
288 3717 373 3766 suas
398 3693 532 3766 classes
560 3691 751 3788 scriptores
778 3693 823 3765 de
849 3693 981 3790 quibus
1007 3693 1137 3787 loquor
1154 3691 1274 3763 distri-

223 3810 391 3882 buamus.
446 3807 538 3882 Sunt
555 3809 679 3905 itaque
703 3808 871 3882 nonnulli
894 3832 985 3903 quos
1003 3807 1133 3879 veteris
1156 3807 1275 3902 cujus·

225 3927 308 4000 dam
335 3927 499 4022 authoris
521 3951 595 4000 vox
616 3927 786 4023 ambigua
809 3934 873 3998 aut
895 3948 1005 4021 prave
1028 3924 1274 4020 interpretata,

222 4043 281 4115 vel
310 4041 554 4116 recentiorum
584 4066 685 4116 error
717 4052 754 4116 et
783 4041 872 4114 fides
903 4041 1008 4127 mala,
1038 4041 1097 4112 vel
1126 4065 1276 4116 suorum

221 4159 356 4232 nimius
389 4157 491 4248 favor
522 4158 582 4232 vel
616 4157 770 4255 denique
803 4156 918 4253 ipsius
952 4157 1073 4238 Poetae
1107 4155 1205 4231 fraus
1239 4165 1277 4231 et

220 4277 363 4352 vanitas
379 4278 477 4352 ultre
496 4302 597 4354 suam
622 4283 767 4351 atatem
784 4276 928 4350 extulit.
983 4275 1038 4348 Ex
1056 4275 1125 4349 hoc
1151 4275 1276 4348 ordine
