3096 4886
277 225 299 299 d
486 253 699 306 suasorio
721 255 839 304 rarus
864 251 1121 306 ruxuouaxars

276 394 388 470 enimi
414 394 627 488 intentione,
662 395 731 472 rite
765 399 999 496 perlustrans,
1036 421 1163 472 eorum
1198 399 1333 472 forinas

276 519 315 588 et
336 515 511 612 imagines
534 516 820 614 quamplurimas
842 517 883 589 in
905 515 1027 590 animo
1050 517 1205 614 reponit.
1258 513 1334 590 Ubi

275 655 362 706 vero
396 633 498 730 operi
523 655 592 707 suo
626 655 665 705 se
698 633 865 728 accingit,
897 655 942 706 ex
971 633 1043 706 hoc
1072 634 1221 706 cumulo
1250 639 1333 706 tan·

276 774 387 847 quam
404 773 449 823 ex
466 773 564 846 penu
580 748 767 823 materiem
785 751 853 824 sibi
870 747 1039 838 desumit,
1059 773 1169 847 quam
1189 749 1334 848 quidem

276 868 322 940 ad
339 867 486 941 libitum
502 867 635 941 format
652 889 695 942 ac
710 867 828 964 fingit,
847 865 883 940 vi
899 865 1005 941 istius
1023 865 1206 940 facultatis
1223 889 1334 964 quam

277 989 494 1095 φαντασίαν
504 995 622 1070 Graeci
638 1002 785 1084 vocant,
798 996 916 1070 varias
934 1019 1024 1092 quas
1041 995 1080 1068 in
1093 993 1214 1068 animo
1226 995 1334 1068 habet

274 1112 443 1184 notiones
470 1118 508 1185 et
534 1113 633 1185 ideas
659 1111 755 1186 inter
781 1135 820 1185 se
847 1111 1099 1197 commiscens,
1126 1117 1164 1184 et
1190 1134 1234 1184 eo
1260 1133 1334 1207 quo

275 1229 364 1301 velit
389 1228 514 1302 ordine
537 1229 746 1326 disponens,
764 1228 817 1302 ita
838 1232 882 1301 ut
907 1228 1047 1324 optimo
1067 1227 1150 1324 jure
1170 1251 1264 1323 opus
1290 1226 1335 1299 de

275 1367 343 1418 suo
378 1346 533 1420 condere
565 1345 742 1434 videatur,
771 1369 845 1443 quo
878 1344 1027 1418 nomine
1060 1344 1159 1441 apud
1190 1343 1334 1418 Graecos

274 1471 394 1545 ποιεῖν
428 1473 572 1562 dicitur,
607 1473 762 1570 ideoque
795 1461 951 1564 ποιητὴς
984 1473 1200 1570 appellatur.
1252 1471 1334 1545 Nec

275 1613 362 1661 vero
395 1596 543 1677 temere,
578 1613 796 1686 quocunque
835 1588 948 1662 animi
988 1588 1108 1662 servor
1147 1612 1187 1661 se
1221 1588 1334 1684 prori-

275 1703 363 1802 piat,
392 1714 578 1802 evagatur,
605 1707 706 1779 nulla
728 1707 807 1802 lege
831 1729 950 1804 neque
979 1705 1064 1778 ullis
1088 1706 1244 1778 vinculis
1270 1705 1333 1779 ad-

275 1817 449 1906 strictus3
477 1819 540 1892 sed
563 1817 683 1892 omnis
705 1817 849 1892 Poetioe
873 1841 960 1892 suos
984 1819 1075 1892 fines
1100 1817 1221 1907 habet,
1241 1841 1333 1916 quos

274 1941 357 2007 tuto
386 1935 590 2032 transgredi
621 1959 697 2008 non
731 1944 865 2032 potest.
917 1933 1036 2008 Omne
1070 1934 1169 2008 enim
1203 1957 1335 2032 poema

275 2073 361 2124 cum
378 2050 534 2148 simplex
551 2062 589 2126 et
607 2051 675 2126 sibi
693 2075 837 2150 semper
852 2075 1056 2126 consonum
1079 2075 1157 2125 esse
1174 2058 1332 2148 oportet,

274 2171 355 2240 tum
385 2167 496 2241 etiam
529 2174 670 2242 naturae
699 2169 771 2266 ipsi
797 2173 1094 2242 consentaneum.
1148 2165 1334 2264 Quicquid

275 2282 371 2357 enim
396 2283 473 2357 lieri
491 2284 630 2382 nequit,
649 2285 681 2359 si
704 2285 743 2358 in
765 2295 935 2383 poemate
956 2289 1175 2382 usurpatum
1199 2285 1259 2372 sit,
1277 2307 1333 2356 ra·

274 2401 370 2473 tioni
386 2399 456 2498 ipsi
474 2408 666 2499 repugnat,
683 2426 803 2499 neque
825 2403 940 2475 ullam
962 2403 1057 2500 apud
1083 2425 1190 2474 sanos
1214 2400 1332 2474 homi-

275 2539 342 2589 nes
359 2515 666 2590 existimationem
690 2517 821 2590 mereri
843 2523 977 2614 potest.
1031 2514 1144 2600 Quod
1167 2516 1197 2588 si
1219 2517 1334 2589 incre·

275 2633 385 2706 dibile
401 2657 550 2730 prorsus
568 2633 616 2707 sit
632 2657 751 2732 neque
766 2632 972 2722 verisimile,
985 2657 1115 2730 parum
1125 2643 1221 2707 certe
1239 2633 1335 2704 vale·

273 2747 329 2824 bit
352 2752 412 2824 vel
436 2750 475 2825 in
499 2751 724 2825 oblectandis
748 2749 971 2838 hominibus,
998 2751 1056 2822 vel
1080 2748 1119 2822 in
1144 2749 1336 2823 affectibus

275 2869 575 2953 commovendis;
602 2869 732 2964 nugari
763 2877 911 2965 poetam
939 2868 1000 2940 vel
1025 2865 1182 2940 insanire
1209 2889 1336 2939 omnes

275 2983 569 3056 conclamabunt.
636 2985 766 3080 Itaque
800 3007 1007 3081 quanquam
1040 2993 1149 3080 poeta
1181 3007 1257 3056 non
1290 2982 1336 3056 ad

276 3123 394 3171 unum
422 3098 570 3196 aliquod
597 3101 807 3197 exemplum
837 3102 964 3175 sedulo
990 3101 1266 3198 exprimendum
1296 3123 1336 3172 se

275 3213 440 3312 accingit,
468 3214 521 3288 ita
543 3221 668 3290 tamen
691 3241 784 3315 opus
810 3240 919 3290 suum
942 3217 1113 3306 instituit,
1140 3224 1183 3291 ut
1208 3241 1253 3290 ex
1273 3239 1336 3290 na·

274 3341 361 3406 tura
376 3331 457 3428 ipsa
473 3342 644 3430 excerpat
660 3340 698 3407 et
716 3334 850 3408 delibet
873 3359 953 3432 quae
976 3335 1046 3408 sibi
1069 3360 1115 3409 ex
1139 3359 1211 3408 usu
1228 3333 1333 3423 sient,

275 3471 319 3522 ea
335 3455 461 3522 autem
478 3447 529 3522 ita
546 3451 674 3546 pingat
694 3461 730 3525 et
753 3451 849 3524 inter
865 3477 904 3525 se
927 3451 1144 3540 committat,
1162 3457 1207 3525 ut
1229 3457 1335 3524 natu·

274 3585 352 3634 ram
368 3561 487 3659 ipsam
505 3562 719 3637 adumbrare
741 3564 920 3639 videatur.
972 3563 1062 3638 Non
1087 3587 1180 3660 opus
1205 3569 1272 3650 est,
1291 3573 1335 3638 ut

272 3679 384 3752 unius
401 3685 466 3752 aut
483 3679 631 3753 alterius
649 3681 808 3754 hominis
832 3704 951 3754 mores
974 3687 1012 3754 et
1029 3705 1087 3754 res
1108 3687 1229 3778 gestas
1245 3705 1334 3778 pro·

273 3793 376 3882 ferat,
404 3794 468 3868 sed
501 3806 545 3868 ut
574 3795 620 3870 iis
650 3797 828 3870 limitibus
859 3821 898 3872 se
932 3804 1096 3872 coerceat
1121 3797 1217 3871 intra
1242 3819 1334 3894 quos

273 3909 556 3984 vitaehumanae
587 3936 726 3986 norma.
778 3913 859 3988 Nec
891 3939 978 3989 vero
1012 3915 1082 3989 hoc
1111 3914 1164 3988 ita
1197 3915 1336 3987 dictum

273 4026 384 4099 velim
419 4026 523 4124 quasi
557 4027 628 4102 ista
659 4054 782 4103 rerum
813 4041 850 4104 et
876 4033 1069 4105 hominum
1096 4030 1335 4127 singularium

275 4149 444 4216 accurata
468 4143 702 4241 description
724 4171 763 4220 re
783 4149 924 4245 poetica
947 4147 1096 4223 omnino
1119 4148 1330 4222 abhorreat:

274 4259 319 4333 de
331 4258 394 4334 illo
407 4260 538 4358 loquor
550 4262 650 4359 quod
666 4285 817 4361 poeseos
831 4263 988 4342 maxime
1004 4265 1194 4366 proprium
1210 4269 1277 4352 est,
1296 4267 1334 4338 ct
