3094 4898
555 360 766 410 ωιιατιο
786 360 938 409 nrum.
1209 349 1271 412 181

266 510 328 584 Ad
353 508 582 582 Relationem
607 511 715 582 etiam
745 509 868 582 referri
898 516 1022 607 potest
1050 508 1142 582 illud
1168 509 1272 584 Aris·

217 627 339 702 totelis
376 637 414 699 et
447 617 604 698 aliorum
632 650 706 722 quo
735 627 862 698 eadem
891 651 947 699 res
975 605 1126 700 diversis
1154 629 1271 702 modis

150 763 156 770 ·
215 749 366 840 sumpts
402 743 554 815 diversis
594 741 803 816 nominibus
840 745 1059 840 appellatur,
1096 746 1196 841 quod
1231 745 1271 818 in

219 859 349 932 Graeco
364 858 490 954 lingua
505 859 609 932 focile
625 865 715 945 erat,
731 859 772 931 in
788 859 926 933 caeteris
943 885 1019 934 non
1036 862 1136 935 item.

267 975 359 1050 Ioci
384 983 422 1049 et
438 975 624 1072 Temporis
650 975 834 1050 Advcrbia
851 1001 1006 1050 numero
1031 978 1106 1050 fere
1129 977 1272 1050 infinita

218 1106 511 1180 Praedicamentis
534 1130 609 1175 που
635 1111 673 1178 et
699 1130 791 1177 ποτε
821 1106 1034 1194 inserviunt,
1058 1115 1169 1204 atque
1196 1108 1273 1181 haec

218 1224 276 1295 vel
302 1222 482 1318 simplicia
506 1228 606 1314 sunt,
630 1224 689 1295 vel
711 1247 800 1295 cum
824 1224 1014 1321 particulis
1036 1224 1272 1297 Demonstro-

217 1339 305 1413 tivis
321 1337 496 1412 Relativis
514 1344 552 1410 et
568 1336 772 1411 Indefinitis
795 1340 1004 1437 conjuncta.
1057 1339 1142 1413 Huc
1160 1341 1271 1414 ctiam

218 1473 387 1564 spectant
398 1468 545 1563 syllabae
557 1468 766 1541 terminales
780 1465 829 1556 θι,
842 1495 898 1556 σι,
910 1494 992 1566 quae
1002 1471 1159 1564 eleganti
1173 1494 1272 1543 com-

217 1599 350 1698 pendio
368 1597 575 1696 significant
591 1597 629 1670 in
647 1599 741 1687 loco,
756 1588 924 1690 ἐμήσατο
942 1589 1060 1669 οἴκοθι
1076 1588 1201 1695 λυγρὰ
1211 1605 1274 1652 ⁶-

219 1723 273 1808 δε,
304 1718 354 1822 ζε,
385 1753 467 1826 quae
494 1730 540 1802 ad
564 1730 699 1816 locum,
732 1719 876 1799 οἴκοθεν
906 1717 1022 1798 οἵκοδ
1034 1699 1183 1807 ἀ-θεν,
1217 1725 1271 1815 θε,
1305 1745 1312 1752 “

220 1883 301 1954 quae
319 1859 363 1931 de
383 1860 477 1945 loco,
488 1841 639 1948 Ἴδηθεν
660 1845 801 1948 μεδέων
811 1845 986 1953 ⁸-bujus
1010 1857 1100 1930 adeo
1121 1857 1273 1931 minutae

219 1975 405 2071 particulae
421 1976 460 2048 vi
476 1980 594 2048 totam
612 1974 687 2047 lere
705 1977 873 2046 naturam
892 1973 1026 2046 lustrat
1044 1975 1156 2048 Poeta
1170 2005 1232 2046 :—

378 2151 505 2208 Actrbrb'
520 2127 663 2223 iflpdwipor
676 2151 762 2224 πατὴρ
775 2151 875 2223 ἀνδρῶν
888 2173 916 2206 τε
931 2150 997 2206 θεῶν
1009 2175 1046 2217 τε,

378 2247 504 2320 ’Υψόθεη
519 2247 608 2320 όπδρ,
624 2247 713 2319 ἔνερθε
726 2249 880 2303 Ποσειδάων
893 2247 1002 2316 ε’τίναξε,

379 2347 459 2399 Γαῖον
471 2344 632 2414 ἀπειρέσιον,
644 2344 725 2416 ὀρέων
738 2343 761 2398 τ’
774 2343 876 2400 αι’πειύδ
890 2347 996 2418 κάρηνα,

375 2439 517 2496 Ἐδδεισεν
529 2440 552 2495 δ’
565 2439 703 2514 ὐπὲνεμθεν
716 2441 781 2510 tua}
795 2440 887 2513 ἐνόρων
901 2437 1039 2498 'abuma
1047 2437 1062 2494 ¹.

123 2559 130 2566 ’
219 2579 389 2682 Exempli
413 2585 526 2658 etiam
543 2585 625 2656 loco
650 2608 832 2682 apponam
849 2589 906 2656 tot
932 2585 1012 2656 illos
1030 2583 1103 2657 loci
1128 2595 1165 2659 et
1182 2592 1274 2658 tem·

218 2717 319 2813 poris
345 2715 540 2788 relationes
571 2739 652 2810 quae
678 2739 763 2787 cum
790 2713 942 2787 vocibus
974 2701 1059 2782 οὐδὲ
1088 2720 1126 2786 et
1155 2704 1274 2789 ἄλλος

219 2847 450 2944 copulantur.
502 2844 558 2917 Ex
582 2843 739 2941 simplici
760 2835 844 2916 οὐδὲ
872 2843 1104 2941 proveniunt,
1130 2835 1272 2935 οὐδαμῆ

219 2997 414 3070 nusquam,
435 2963 570 3044 οὔποτε
595 2975 654 3045 vel
679 2963 855 3044 οὐδέποτε
881 2972 983 3046 nullo
1009 2982 1184 3070 tempore,
1211 2961 1273 3042 οὐ·

220 3098 353 3194 δαμού,
380 3103 484 3177 nullo
511 3104 550 3175 in
575 3105 658 3177 loco
684 3111 721 3176 et
747 3093 938 3193 οὐδαμόθι,
963 3093 1165 3192 οὐδαμόσε,
1193 3105 1273 3177 nul-

218 3235 298 3306 lum
327 3234 372 3307 ad
402 3235 540 3320 locum,
570 3221 790 3323 οὐδαμόθεν,
820 3234 921 3306 nullo
952 3235 996 3306 de
1030 3236 1124 3308 loco.
1178 3235 1273 3308 Sunt

219 3363 329 3437 etiam
364 3355 483 3441 nibeis
520 3375 556 3438 ct
594 3355 774 3454 οὐδαμῶς,
811 3363 1034 3440 Substantias
1072 3375 1111 3440 et
1146 3365 1272 3449 Quali·

218 3491 412 3566 tatis-ita
433 3518 478 3568 ex
500 3493 656 3590 simplici
682 3481 812 3577 ἄλλος,
833 3483 970 3563 ἄλλοθι
988 3495 1058 3567 alio
1081 3496 1120 3566 in
1135 3495 1217 3566 loco
1235 3501 1273 3566 ct

218 3611 375 3697 ἄλλυδις
392 3613 810 3709 distribute-illoesa
830 3621 901 3696 alio
925 3623 971 3696 de
997 3625 1090 3710 loco,
1109 3613 1271 3710 ἄλλοσε,

218 3751 330 3824 alium
347 3754 394 3826 ad
412 3753 545 3842 locum,
565 3736 718 3839 ἄλλοτε,
738 3753 809 3824 olio
826 3758 1002 3848 tempore.

270 3866 357 3942 Huc
387 3870 497 3942 etiam
531 3867 653 3942 referri
686 3877 840 3966 possunt
871 3867 1159 3964 Praepositiones,
1190 3893 1273 3965 quae

218 3991 342 4058 tamen
359 4011 467 4060 suum
485 3987 554 4059 sibi
572 3985 723 4059 seorsim
740 3987 864 4062 locum
881 3985 1077 4059 vindicant.

269 4101 378 4176 Actio
397 4112 443 4180 et.
453 4102 580 4176 Passio
601 4101 639 4175 in
655 4102 775 4176 verbis
793 4103 995 4199 conjunctis
1021 4103 1269 4201 potiusquam

257 4293 270 4324 ⁶
293 4284 469 4363 Odyrr.1·.3
492 4305 520 4363 3.
804 4296 817 4324 ⁰
838 4285 881 4345 Il.
898 4300 924 4346 ι’.
942 4304 1010 4362 320.

258 4363 270 4398 ⁴
290 4365 428 4436 Pindon,
444 4365 558 4446 Olymp.
576 4367 604 4424 6.
804 4363 815 4404 ¹
833 4364 907 4426 ibid.
921 4379 952 4426 Υ.
970 4367 1016 4444 56.
