<?xml version="1.0" encoding="UTF-8"?>
<!DOCTYPE html PUBLIC "-//W3C//DTD XHTML 1.0 Transitional//EN"
    "http://www.w3.org/TR/xhtml1/DTD/xhtml1-transitional.dtd">
<html xmlns="http://www.w3.org/1999/xhtml" xml:lang="en" lang="en">
 <head>
  <title>
</title>
<meta http-equiv="Content-Type" content="text/html;charset=utf-8" />
  <meta name='ocr-system' content='tesseract 3.04.00' />
  <meta name='ocr-capabilities' content='ocr_page ocr_carea ocr_par ocr_line ocrx_word'/>
</head>
<body>
  <div class='ocr_page' id='page_1' title='image "./prlectionesacad00randgoog_0251.png"; bbox 0 0 3058 4908; ppageno 0'>
   <div class='ocr_carea' id='block_1_1' title="bbox 441 319 1236 408">
    <p class='ocr_par' dir='ltr' id='par_1_1' title="bbox 441 319 1236 408">
     <span class='ocr_line' id='line_1_1' title="bbox 441 319 1236 408; baseline 0.008 -33"><span class='ocrx_word' id='word_1_1' title='bbox 441 327 654 408; x_wconf 61' lang='lat' dir='ltr'>enarrarre</span> <span class='ocrx_word' id='word_1_2' title='bbox 674 327 981 390; x_wconf 67' lang='lat' dir='ltr'>uncina-oolam.</span> <span class='ocrx_word' id='word_1_3' title='bbox 1174 319 1236 381; x_wconf 77' lang='lat'>241</span> 
     </span>
    </p>
   </div>
   <div class='ocr_carea' id='block_1_2' title="bbox 183 479 1240 1123">
    <p class='ocr_par' dir='ltr' id='par_1_2' title="bbox 185 479 1240 580">
     <span class='ocr_line' id='line_1_2' title="bbox 185 479 1240 580; baseline 0.004 -28"><span class='ocrx_word' id='word_1_4' title='bbox 185 479 287 553; x_wconf 90' lang='lat' dir='ltr'>nium</span> <span class='ocrx_word' id='word_1_5' title='bbox 305 480 538 554; x_wconf 84' lang='lat' dir='ltr'>deveniamus</span> <span class='ocrx_word' id='word_1_6' title='bbox 565 482 627 579; x_wconf 94' lang='lat' dir='ltr'>qui</span> <span class='ocrx_word' id='word_1_7' title='bbox 653 507 738 556; x_wconf 88' lang='lat' dir='ltr'>cum</span> <span class='ocrx_word' id='word_1_8' title='bbox 763 482 879 556; x_wconf 88' lang='lat' dir='ltr'>laudis</span> <span class='ocrx_word' id='word_1_9' title='bbox 905 485 1119 580; x_wconf 90' lang='lat' dir='ltr'>plerumque</span> <span class='ocrx_word' id='word_1_10' title='bbox 1137 483 1240 556; x_wconf 91' lang='lat' dir='ltr'>valde</span> 
     </span>
    </p>

    <p class='ocr_par' dir='ltr' id='par_1_3' title="bbox 183 597 1239 708">
     <span class='ocr_line' id='line_1_3' title="bbox 183 597 1239 708; baseline 0.002 -38"><span class='ocrx_word' id='word_1_11' title='bbox 183 621 316 694; x_wconf 90' lang='lat' dir='ltr'>parcus</span> <span class='ocrx_word' id='word_1_12' title='bbox 333 598 390 684; x_wconf 90' lang='lat' dir='ltr'>sit,</span> <span class='ocrx_word' id='word_1_13' title='bbox 407 597 610 671; x_wconf 88' lang='lat' dir='ltr'>Homerum</span> <span class='ocrx_word' id='word_1_14' title='bbox 627 607 750 671; x_wconf 86' lang='lat' dir='ltr'>tamen</span> <span class='ocrx_word' id='word_1_15' title='bbox 767 624 853 672; x_wconf 92' lang='lat' dir='ltr'>cum</span> <span class='ocrx_word' id='word_1_16' title='bbox 870 599 1043 686; x_wconf 91' lang='lat' dir='ltr'>nominat,</span> <span class='ocrx_word' id='word_1_17' title='bbox 1062 605 1239 708; x_wconf 79' lang='lat' dir='ltr'>tanquam</span> 
     </span>
    </p>

    <p class='ocr_par' dir='ltr' id='par_1_4' title="bbox 184 714 1239 813">
     <span class='ocr_line' id='line_1_4' title="bbox 184 714 1239 813; baseline 0.004 -27"><span class='ocrx_word' id='word_1_18' title='bbox 184 715 348 788; x_wconf 87' lang='lat' dir='ltr'>authoris</span> <span class='ocrx_word' id='word_1_19' title='bbox 383 714 596 788; x_wconf 87' lang='lat' dir='ltr'>excellentia</span> <span class='ocrx_word' id='word_1_20' title='bbox 636 722 854 804; x_wconf 90' lang='lat' dir='ltr'>commotus,</span> <span class='ocrx_word' id='word_1_21' title='bbox 890 717 928 788; x_wconf 95' lang='lat' dir='ltr'>in</span> <span class='ocrx_word' id='word_1_22' title='bbox 962 716 1112 789; x_wconf 86' lang='lat' dir='ltr'>effusius</span> <span class='ocrx_word' id='word_1_23' title='bbox 1146 740 1239 813; x_wconf 78' lang='lat' dir='ltr'>prae·</span> 
     </span>
    </p>

    <p class='ocr_par' dir='ltr' id='par_1_5' title="bbox 184 825 1239 942">
     <span class='ocr_line' id='line_1_5' title="bbox 184 825 1239 942; baseline -0.002 -25"><span class='ocrx_word' id='word_1_24' title='bbox 184 845 333 917; x_wconf 90' lang='lat' dir='ltr'>conium</span> <span class='ocrx_word' id='word_1_25' title='bbox 363 868 504 942; x_wconf 87' lang='lat' dir='ltr'>semper</span> <span class='ocrx_word' id='word_1_26' title='bbox 532 825 886 942; x_wconf 66' lang='lat' dir='ltr'>prorumpit—And,</span> <span class='ocrx_word' id='word_1_27' title='bbox 916 829 1045 939; x_wconf 75' lang='grc' dir='ltr'>ὥσπερ</span> <span class='ocrx_word' id='word_1_28' title='bbox 1075 835 1239 936; x_wconf 82' lang='grc' dir='ltr'>εἴπομεν,</span> 
     </span>
    </p>

    <p class='ocr_par' dir='ltr' id='par_1_6' title="bbox 184 958 1240 1123">
     <span class='ocr_line' id='line_1_6' title="bbox 184 958 1240 1072; baseline 0 -30"><span class='ocrx_word' id='word_1_29' title='bbox 184 963 255 1064; x_wconf 79' lang='grc' dir='ltr'>ἤδη</span> <span class='ocrx_word' id='word_1_30' title='bbox 282 968 344 1043; x_wconf 87' lang='grc' dir='ltr'>καὶ</span> <span class='ocrx_word' id='word_1_31' title='bbox 368 963 483 1070; x_wconf 74' lang='grc' dir='ltr'>ταύτῃ</span> <span class='ocrx_word' id='word_1_32' title='bbox 506 963 709 1049; x_wconf 77' lang='grc' dir='ltr'>θεσπέσιος</span> <span class='ocrx_word' id='word_1_33' title='bbox 734 964 780 1043; x_wconf 76' lang='grc' dir='ltr'>ἄν</span> <span class='ocrx_word' id='word_1_34' title='bbox 798 963 931 1072; x_wconf 80' lang='grc' dir='ltr'>φανείη</span> <span class='ocrx_word' id='word_1_35' title='bbox 945 958 1117 1068; x_wconf 86' lang='grc' dir='ltr'>Ὅμηρος</span> <span class='ocrx_word' id='word_1_36' title='bbox 1138 963 1240 1068; x_wconf 80' lang='grc' dir='ltr'>παρὰ</span> 
     </span>
     <span class='ocr_line' id='line_1_7' title="bbox 617 1090 792 1123; baseline -0.017 0"><span class='ocrx_word' id='word_1_37' title='bbox 617 1092 627 1123; x_wconf 68' lang='grc' dir='ltr'>λ</span> <span class='ocrx_word' id='word_1_38' title='bbox 677 1093 688 1121; x_wconf 63' lang='grc' dir='ltr'>λ</span> <span class='ocrx_word' id='word_1_39' title='bbox 783 1090 792 1120; x_wconf 80' lang='grc' dir='ltr'><strong><em>Ι</em></strong></span> 
     </span>
    </p>
   </div>
   <div class='ocr_carea' id='block_1_3' title="bbox 184 1087 1241 1328">
    <p class='ocr_par' dir='ltr' id='par_1_7' title="bbox 184 1087 1241 1328">
     <span class='ocr_line' id='line_1_8' title="bbox 184 1087 1241 1200; baseline 0 -28"><span class='ocrx_word' id='word_1_40' title='bbox 184 1087 272 1177; x_wconf 69' lang='grc' dir='ltr'>τοὺς</span> <span class='ocrx_word' id='word_1_41' title='bbox 290 1093 444 1191; x_wconf 83' lang='grc' dir='ltr'>ἅλλους,</span> <span class='ocrx_word' id='word_1_42' title='bbox 464 1097 516 1200; x_wconf 77' lang='grc' dir='ltr'>τῷ</span> <span class='ocrx_word' id='word_1_43' title='bbox 533 1098 628 1194; x_wconf 88' lang='grc' dir='ltr'>μηδε</span> <span class='ocrx_word' id='word_1_44' title='bbox 652 1130 717 1175; x_wconf 87' lang='grc' dir='ltr'>τον</span> <span class='ocrx_word' id='word_1_45' title='bbox 743 1107 912 1195; x_wconf 89' lang='grc' dir='ltr'>πολεμον</span> <span class='ocrx_word' id='word_1_46' title='bbox 936 1097 997 1174; x_wconf 85' lang='grc' dir='ltr'>καὶ</span> <span class='ocrx_word' id='word_1_47' title='bbox 1014 1129 1086 1197; x_wconf 88' lang='grc' dir='ltr'>περ</span> <span class='ocrx_word' id='word_1_48' title='bbox 1107 1092 1241 1198; x_wconf 76' lang='grc' dir='ltr'>ἔχοντα</span> 
     </span>
     <span class='ocr_line' id='line_1_9' title="bbox 185 1219 1240 1328; baseline 0.001 -28"><span class='ocrx_word' id='word_1_49' title='bbox 185 1219 306 1327; x_wconf 78' lang='grc' dir='ltr'>ἀρχὴν</span> <span class='ocrx_word' id='word_1_50' title='bbox 324 1226 385 1302; x_wconf 85' lang='grc' dir='ltr'>καὶ</span> <span class='ocrx_word' id='word_1_51' title='bbox 407 1221 515 1307; x_wconf 76' lang='grc' dir='ltr'>τέλος</span> <span class='ocrx_word' id='word_1_52' title='bbox 534 1225 771 1328; x_wconf 83' lang='grc' dir='ltr'>ἐπιχειρῆσαι</span> <span class='ocrx_word' id='word_1_53' title='bbox 790 1231 909 1304; x_wconf 83' lang='grc' dir='ltr'>ποιεῖν</span> <span class='ocrx_word' id='word_1_54' title='bbox 928 1222 1030 1304; x_wconf 83' lang='grc' dir='ltr'>ὅλον·</span> <span class='ocrx_word' id='word_1_55' title='bbox 1060 1223 1149 1303; x_wconf 84' lang='grc' dir='ltr'>λίαν</span> <span class='ocrx_word' id='word_1_56' title='bbox 1166 1221 1240 1326; x_wconf 81' lang='grc' dir='ltr'>γὰρ</span> 
     </span>
    </p>
   </div>
   <div class='ocr_carea' id='block_1_4' title="bbox 185 1348 1239 1453">
    <p class='ocr_par' dir='ltr' id='par_1_8' title="bbox 185 1348 1239 1453">
     <span class='ocr_line' id='line_1_10' title="bbox 185 1348 1239 1453; baseline 0.002 -23"><span class='ocrx_word' id='word_1_57' title='bbox 185 1351 232 1430; x_wconf 82' lang='grc' dir='ltr'>ἅν</span> <span class='ocrx_word' id='word_1_58' title='bbox 258 1349 375 1453; x_wconf 77' lang='grc' dir='ltr'>με’γας</span> <span class='ocrx_word' id='word_1_59' title='bbox 395 1355 456 1431; x_wconf 84' lang='grc' dir='ltr'>καὶ</span> <span class='ocrx_word' id='word_1_60' title='bbox 484 1352 551 1432; x_wconf 81' lang='grc' dir='ltr'>οὐκ</span> <span class='ocrx_word' id='word_1_61' title='bbox 575 1350 806 1437; x_wconf 77' lang='grc' dir='ltr'>εὐσύνοπτος</span> <span class='ocrx_word' id='word_1_62' title='bbox 829 1351 988 1452; x_wconf 77' lang='grc' dir='ltr'>ἔμελλεν</span> <span class='ocrx_word' id='word_1_63' title='bbox 1015 1352 1183 1432; x_wconf 76' lang='grc' dir='ltr'>ἔσεσθαι·</span> <span class='ocrx_word' id='word_1_64' title='bbox 1216 1348 1239 1452; x_wconf 83' lang='grc' dir='ltr'>ἦ</span> 
     </span>
    </p>
   </div>
   <div class='ocr_carea' id='block_1_5' title="bbox 173 1477 1334 4293">
    <p class='ocr_par' dir='ltr' id='par_1_9' title="bbox 173 1477 1334 4293">
     <span class='ocr_line' id='line_1_11' title="bbox 186 1477 1239 1586; baseline -0.001 -26"><span class='ocrx_word' id='word_1_65' title='bbox 186 1481 237 1586; x_wconf 76' lang='grc' dir='ltr'>τῷ</span> <span class='ocrx_word' id='word_1_66' title='bbox 261 1478 409 1581; x_wconf 80' lang='grc' dir='ltr'>μεγέθει</span> <span class='ocrx_word' id='word_1_67' title='bbox 432 1477 679 1584; x_wconf 79' lang='grc' dir='ltr'>μετριάζοντα</span> <span class='ocrx_word' id='word_1_68' title='bbox 705 1479 1060 1582; x_wconf 81' lang='grc' dir='ltr'>καταπεπλεγμένον</span> <span class='ocrx_word' id='word_1_69' title='bbox 1085 1482 1131 1585; x_wconf 75' lang='grc' dir='ltr'>τῇ</span> <span class='ocrx_word' id='word_1_70' title='bbox 1157 1514 1239 1559; x_wconf 89' lang='grc' dir='ltr'>ποι-</span> 
     </span>
     <span class='ocr_line' id='line_1_12' title="bbox 186 1610 1241 1714; baseline 0 -26"><span class='ocrx_word' id='word_1_71' title='bbox 186 1610 323 1714; x_wconf 73' lang='grc' dir='ltr'>κιλίᾳ”.</span> <span class='ocrx_word' id='word_1_72' title='bbox 376 1616 498 1690; x_wconf 89' lang='lat' dir='ltr'>Tanta</span> <span class='ocrx_word' id='word_1_73' title='bbox 523 1642 607 1691; x_wconf 94' lang='lat' dir='ltr'>cum</span> <span class='ocrx_word' id='word_1_74' title='bbox 633 1617 837 1714; x_wconf 89' lang='lat' dir='ltr'>prudentia,</span> <span class='ocrx_word' id='word_1_75' title='bbox 856 1616 978 1691; x_wconf 88' lang='lat' dir='ltr'>fabula</span> <span class='ocrx_word' id='word_1_76' title='bbox 1004 1642 1070 1691; x_wconf 87' lang='lat' dir='ltr'>sua</span> <span class='ocrx_word' id='word_1_77' title='bbox 1089 1618 1168 1714; x_wconf 85' lang='lat' dir='ltr'>jam</span> <span class='ocrx_word' id='word_1_78' title='bbox 1189 1617 1241 1689; x_wconf 90' lang='lat' dir='ltr'>in-</span> 
     </span>
     <span class='ocr_line' id='line_1_13' title="bbox 185 1733 1240 1831; baseline 0.001 -25"><span class='ocrx_word' id='word_1_79' title='bbox 185 1744 306 1821; x_wconf 89' lang='lat' dir='ltr'>venta,</span> <span class='ocrx_word' id='word_1_80' title='bbox 327 1733 371 1806; x_wconf 94' lang='lat' dir='ltr'>de</span> <span class='ocrx_word' id='word_1_81' title='bbox 392 1734 494 1831; x_wconf 87' lang='lat' dir='ltr'>justa</span> <span class='ocrx_word' id='word_1_82' title='bbox 519 1734 597 1831; x_wconf 88' lang='lat' dir='ltr'>ejus</span> <span class='ocrx_word' id='word_1_83' title='bbox 623 1734 874 1830; x_wconf 83' lang='lat' dir='ltr'>magnitudine</span> <span class='ocrx_word' id='word_1_84' title='bbox 900 1736 1027 1807; x_wconf 84' lang='lat' dir='ltr'>statuit</span> <span class='ocrx_word' id='word_1_85' title='bbox 1045 1734 1240 1823; x_wconf 92' lang='lat' dir='ltr'>Homerus,</span> 
     </span>
     <span class='ocr_line' id='line_1_14' title="bbox 186 1851 1242 1948; baseline 0 -24"><span class='ocrx_word' id='word_1_86' title='bbox 186 1852 295 1926; x_wconf 87' lang='lat' dir='ltr'>itaut</span> <span class='ocrx_word' id='word_1_87' title='bbox 320 1851 358 1923; x_wconf 90' lang='lat' dir='ltr'>in</span> <span class='ocrx_word' id='word_1_88' title='bbox 382 1852 580 1925; x_wconf 87' lang='lat' dir='ltr'>condendis</span> <span class='ocrx_word' id='word_1_89' title='bbox 597 1851 726 1948; x_wconf 85' lang='lat' dir='ltr'>viginti</span> <span class='ocrx_word' id='word_1_90' title='bbox 744 1861 781 1925; x_wconf 92' lang='lat' dir='ltr'>et</span> <span class='ocrx_word' id='word_1_91' title='bbox 807 1862 963 1948; x_wconf 82' lang='lat' dir='ltr'>quatuor</span> <span class='ocrx_word' id='word_1_92' title='bbox 981 1851 1115 1926; x_wconf 89' lang='lat' dir='ltr'>Iliados</span> <span class='ocrx_word' id='word_1_93' title='bbox 1141 1851 1242 1925; x_wconf 92' lang='lat' dir='ltr'>libris</span> 
     </span>
     <span class='ocr_line' id='line_1_15' title="bbox 187 1969 1242 2066; baseline 0 -25"><span class='ocrx_word' id='word_1_94' title='bbox 187 1992 304 2066; x_wconf 92' lang='lat' dir='ltr'>neque</span> <span class='ocrx_word' id='word_1_95' title='bbox 332 1992 454 2040; x_wconf 91' lang='lat' dir='ltr'>rerum</span> <span class='ocrx_word' id='word_1_96' title='bbox 488 1979 707 2064; x_wconf 88' lang='lat' dir='ltr'>proventum</span> <span class='ocrx_word' id='word_1_97' title='bbox 743 1969 930 2056; x_wconf 85' lang='lat' dir='ltr'>desideret,</span> <span class='ocrx_word' id='word_1_98' title='bbox 967 1993 1083 2066; x_wconf 91' lang='lat' dir='ltr'>neque</span> <span class='ocrx_word' id='word_1_99' title='bbox 1117 1993 1242 2042; x_wconf 90' lang='lat' dir='ltr'>earum</span> 
     </span>
     <span class='ocr_line' id='line_1_16' title="bbox 173 2084 1241 2159; baseline 0 -2"><span class='ocrx_word' id='word_1_100' title='bbox 173 2084 420 2159; x_wconf 83' lang='lat' dir='ltr'>multitudine</span> <span class='ocrx_word' id='word_1_101' title='bbox 446 2085 630 2157; x_wconf 90' lang='lat' dir='ltr'>obruatur.</span> <span class='ocrx_word' id='word_1_102' title='bbox 684 2084 764 2158; x_wconf 91' lang='lat' dir='ltr'>Nec</span> <span class='ocrx_word' id='word_1_103' title='bbox 791 2109 875 2158; x_wconf 91' lang='lat' dir='ltr'>vero</span> <span class='ocrx_word' id='word_1_104' title='bbox 906 2110 980 2159; x_wconf 91' lang='lat' dir='ltr'>non</span> <span class='ocrx_word' id='word_1_105' title='bbox 1007 2087 1129 2159; x_wconf 88' lang='lat' dir='ltr'>omnia</span> <span class='ocrx_word' id='word_1_106' title='bbox 1158 2110 1241 2159; x_wconf 92' lang='lat' dir='ltr'>con·</span> 
     </span>
     <span class='ocr_line' id='line_1_17' title="bbox 186 2200 1334 2300; baseline 0 -25"><span class='ocrx_word' id='word_1_107' title='bbox 186 2201 338 2276; x_wconf 88' lang='lat' dir='ltr'>veniunt</span> <span class='ocrx_word' id='word_1_108' title='bbox 366 2201 419 2273; x_wconf 92' lang='lat' dir='ltr'>illi</span> <span class='ocrx_word' id='word_1_109' title='bbox 445 2200 567 2294; x_wconf 80' lang='lat' dir='ltr'>Poetae</span> <span class='ocrx_word' id='word_1_110' title='bbox 596 2201 746 2276; x_wconf 88' lang='lat' dir='ltr'>consilio</span> <span class='ocrx_word' id='word_1_111' title='bbox 777 2227 850 2300; x_wconf 94' lang='lat' dir='ltr'>quo</span> <span class='ocrx_word' id='word_1_112' title='bbox 878 2204 916 2276; x_wconf 91' lang='lat' dir='ltr'>in</span> <span class='ocrx_word' id='word_1_113' title='bbox 944 2203 1057 2277; x_wconf 86' lang='lat' dir='ltr'>Iliade</span> <span class='ocrx_word' id='word_1_114' title='bbox 1088 2203 1243 2277; x_wconf 80' lang='lat' dir='ltr'>conscri-</span> <span class='ocrx_word' id='word_1_115' title='bbox 1328 2275 1334 2290; x_wconf 68' lang='grc'><em>,</em></span> 
     </span>
     <span class='ocr_line' id='line_1_18' title="bbox 188 2319 1245 2417; baseline -0.003 -23"><span class='ocrx_word' id='word_1_116' title='bbox 188 2319 305 2394; x_wconf 89' lang='lat' dir='ltr'>benda</span> <span class='ocrx_word' id='word_1_117' title='bbox 333 2343 376 2391; x_wconf 92' lang='lat' dir='ltr'>ea</span> <span class='ocrx_word' id='word_1_118' title='bbox 404 2343 483 2416; x_wconf 89' lang='lat' dir='ltr'>quae</span> <span class='ocrx_word' id='word_1_119' title='bbox 515 2319 554 2394; x_wconf 89' lang='lat' dir='ltr'>in</span> <span class='ocrx_word' id='word_1_120' title='bbox 584 2320 729 2417; x_wconf 88' lang='lat' dir='ltr'>publica</span> <span class='ocrx_word' id='word_1_121' title='bbox 756 2345 907 2394; x_wconf 90' lang='lat' dir='ltr'>suorum</span> <span class='ocrx_word' id='word_1_122' title='bbox 935 2331 1141 2417; x_wconf 89' lang='lat' dir='ltr'>tempomm</span> <span class='ocrx_word' id='word_1_123' title='bbox 1170 2320 1245 2392; x_wconf 84' lang='lat' dir='ltr'>vita</span> 
     </span>
     <span class='ocr_line' id='line_1_19' title="bbox 187 2435 1243 2535; baseline -0.001 -27"><span class='ocrx_word' id='word_1_124' title='bbox 187 2435 343 2509; x_wconf 87' lang='lat' dir='ltr'>maxima</span> <span class='ocrx_word' id='word_1_125' title='bbox 368 2443 472 2509; x_wconf 89' lang='lat' dir='ltr'>erant</span> <span class='ocrx_word' id='word_1_126' title='bbox 497 2436 674 2525; x_wconf 88' lang='lat' dir='ltr'>exhibere,</span> <span class='ocrx_word' id='word_1_127' title='bbox 694 2443 803 2535; x_wconf 89' lang='lat' dir='ltr'>atque</span> <span class='ocrx_word' id='word_1_128' title='bbox 828 2437 867 2508; x_wconf 93' lang='lat' dir='ltr'>in</span> <span class='ocrx_word' id='word_1_129' title='bbox 893 2437 1048 2509; x_wconf 89' lang='lat' dir='ltr'>aliorum</span> <span class='ocrx_word' id='word_1_130' title='bbox 1072 2459 1157 2508; x_wconf 90' lang='lat' dir='ltr'>usus</span> <span class='ocrx_word' id='word_1_131' title='bbox 1184 2459 1243 2507; x_wconf 86' lang='lat' dir='ltr'>ex-</span> 
     </span>
     <span class='ocr_line' id='line_1_20' title="bbox 188 2553 1242 2652; baseline 0 -26"><span class='ocrx_word' id='word_1_132' title='bbox 188 2555 319 2652; x_wconf 89' lang='lat' dir='ltr'>plicare</span> <span class='ocrx_word' id='word_1_133' title='bbox 344 2556 473 2629; x_wconf 89' lang='lat' dir='ltr'>voluit.</span> <span class='ocrx_word' id='word_1_134' title='bbox 528 2553 622 2640; x_wconf 85' lang='lat' dir='ltr'>Quae</span> <span class='ocrx_word' id='word_1_135' title='bbox 649 2555 748 2629; x_wconf 88' lang='lat' dir='ltr'>enim</span> <span class='ocrx_word' id='word_1_136' title='bbox 778 2568 867 2629; x_wconf 91' lang='lat' dir='ltr'>tunc</span> <span class='ocrx_word' id='word_1_137' title='bbox 893 2564 969 2628; x_wconf 89' lang='lat' dir='ltr'>erat</span> <span class='ocrx_word' id='word_1_138' title='bbox 995 2554 1143 2651; x_wconf 90' lang='lat' dir='ltr'>politica</span> <span class='ocrx_word' id='word_1_139' title='bbox 1173 2553 1242 2626; x_wconf 89' lang='lat' dir='ltr'>dis-</span> 
     </span>
     <span class='ocr_line' id='line_1_21' title="bbox 188 2670 1244 2768; baseline -0.002 -24"><span class='ocrx_word' id='word_1_140' title='bbox 188 2673 321 2768; x_wconf 88' lang='lat' dir='ltr'>ciplina</span> <span class='ocrx_word' id='word_1_141' title='bbox 337 2678 375 2745; x_wconf 89' lang='lat' dir='ltr'>et</span> <span class='ocrx_word' id='word_1_142' title='bbox 400 2672 566 2746; x_wconf 88' lang='lat' dir='ltr'>militaris</span> <span class='ocrx_word' id='word_1_143' title='bbox 584 2675 701 2747; x_wconf 89' lang='lat' dir='ltr'>virtus</span> <span class='ocrx_word' id='word_1_144' title='bbox 719 2673 793 2746; x_wconf 86' lang='lat' dir='ltr'>lere</span> <span class='ocrx_word' id='word_1_145' title='bbox 820 2681 898 2745; x_wconf 89' lang='lat' dir='ltr'>tota</span> <span class='ocrx_word' id='word_1_146' title='bbox 922 2671 1019 2743; x_wconf 89' lang='lat' dir='ltr'>intra</span> <span class='ocrx_word' id='word_1_147' title='bbox 1044 2672 1139 2744; x_wconf 89' lang='lat' dir='ltr'>hanc</span> <span class='ocrx_word' id='word_1_148' title='bbox 1160 2670 1244 2743; x_wconf 90' lang='lat' dir='ltr'>belli</span> 
     </span>
     <span class='ocr_line' id='line_1_22' title="bbox 187 2787 1243 2886; baseline 0 -26"><span class='ocrx_word' id='word_1_149' title='bbox 187 2788 403 2885; x_wconf 86' lang='lat' dir='ltr'>particulam</span> <span class='ocrx_word' id='word_1_150' title='bbox 430 2790 538 2878; x_wconf 87' lang='lat' dir='ltr'>cadit,</span> <span class='ocrx_word' id='word_1_151' title='bbox 566 2798 610 2864; x_wconf 92' lang='lat' dir='ltr'>ut</span> <span class='ocrx_word' id='word_1_152' title='bbox 636 2816 681 2864; x_wconf 90' lang='lat' dir='ltr'>ex</span> <span class='ocrx_word' id='word_1_153' title='bbox 710 2791 753 2863; x_wconf 94' lang='lat' dir='ltr'>iis</span> <span class='ocrx_word' id='word_1_154' title='bbox 780 2813 860 2886; x_wconf 86' lang='lat' dir='ltr'>quae</span> <span class='ocrx_word' id='word_1_155' title='bbox 884 2789 962 2884; x_wconf 91' lang='lat' dir='ltr'>jam</span> <span class='ocrx_word' id='word_1_156' title='bbox 989 2787 1142 2861; x_wconf 87' lang='lat' dir='ltr'>antehac</span> <span class='ocrx_word' id='word_1_157' title='bbox 1172 2788 1243 2860; x_wconf 91' lang='lat' dir='ltr'>dis-</span> 
     </span>
     <span class='ocr_line' id='line_1_23' title="bbox 187 2907 1243 3005; baseline -0.002 -27"><span class='ocrx_word' id='word_1_158' title='bbox 187 2913 318 3003; x_wconf 81' lang='lat' dir='ltr'>putata</span> <span class='ocrx_word' id='word_1_159' title='bbox 343 2913 430 2980; x_wconf 90' lang='lat' dir='ltr'>sunt</span> <span class='ocrx_word' id='word_1_160' title='bbox 448 2908 535 2981; x_wconf 88' lang='lat' dir='ltr'>satis</span> <span class='ocrx_word' id='word_1_161' title='bbox 558 2914 704 3005; x_wconf 88' lang='lat' dir='ltr'>patet⁰;</span> <span class='ocrx_word' id='word_1_162' title='bbox 733 2907 897 2981; x_wconf 91' lang='lat' dir='ltr'>nondum</span> <span class='ocrx_word' id='word_1_163' title='bbox 916 2907 953 2978; x_wconf 92' lang='lat' dir='ltr'>in</span> <span class='ocrx_word' id='word_1_164' title='bbox 972 2929 1041 2978; x_wconf 88' lang='lat' dir='ltr'>usu</span> <span class='ocrx_word' id='word_1_165' title='bbox 1058 2914 1135 2977; x_wconf 87' lang='lat' dir='ltr'>erat</span> <span class='ocrx_word' id='word_1_166' title='bbox 1160 2928 1243 2977; x_wconf 91' lang='lat' dir='ltr'>con·</span> 
     </span>
     <span class='ocr_line' id='line_1_24' title="bbox 188 3020 1241 3124; baseline -0.004 -28"><span class='ocrx_word' id='word_1_167' title='bbox 188 3023 268 3096; x_wconf 88' lang='lat' dir='ltr'>silia</span> <span class='ocrx_word' id='word_1_168' title='bbox 293 3023 330 3096; x_wconf 91' lang='lat' dir='ltr'>in</span> <span class='ocrx_word' id='word_1_169' title='bbox 348 3023 494 3120; x_wconf 86' lang='lat' dir='ltr'>longum</span> <span class='ocrx_word' id='word_1_170' title='bbox 514 3049 652 3122; x_wconf 88' lang='lat' dir='ltr'>capere,</span> <span class='ocrx_word' id='word_1_171' title='bbox 672 3026 735 3098; x_wconf 90' lang='lat' dir='ltr'>sed</span> <span class='ocrx_word' id='word_1_172' title='bbox 762 3034 932 3122; x_wconf 89' lang='lat' dir='ltr'>prompta</span> <span class='ocrx_word' id='word_1_173' title='bbox 948 3021 1062 3095; x_wconf 87' lang='lat' dir='ltr'>animi</span> <span class='ocrx_word' id='word_1_174' title='bbox 1086 3020 1241 3124; x_wconf 86' lang='lat' dir='ltr'>solertia,</span> 
     </span>
     <span class='ocr_line' id='line_1_25' title="bbox 188 3139 1242 3240; baseline -0.002 -27"><span class='ocrx_word' id='word_1_175' title='bbox 188 3147 314 3236; x_wconf 83' lang='lat' dir='ltr'>parata</span> <span class='ocrx_word' id='word_1_176' title='bbox 340 3141 546 3237; x_wconf 86' lang='lat' dir='ltr'>prudentia,</span> <span class='ocrx_word' id='word_1_177' title='bbox 574 3154 611 3216; x_wconf 90' lang='lat' dir='ltr'>et</span> <span class='ocrx_word' id='word_1_178' title='bbox 638 3141 806 3240; x_wconf 86' lang='lat' dir='ltr'>praesenti</span> <span class='ocrx_word' id='word_1_179' title='bbox 828 3139 1041 3214; x_wconf 87' lang='lat' dir='ltr'>fortitudine</span> <span class='ocrx_word' id='word_1_180' title='bbox 1065 3163 1122 3212; x_wconf 89' lang='lat' dir='ltr'>res</span> <span class='ocrx_word' id='word_1_181' title='bbox 1145 3163 1242 3234; x_wconf 87' lang='lat' dir='ltr'>gere-</span> 
     </span>
     <span class='ocr_line' id='line_1_26' title="bbox 189 3255 1244 3354; baseline -0.002 -24"><span class='ocrx_word' id='word_1_182' title='bbox 189 3258 308 3330; x_wconf 90' lang='lat' dir='ltr'>batur.</span> <span class='ocrx_word' id='word_1_183' title='bbox 361 3257 592 3331; x_wconf 80' lang='lat' dir='ltr'>Illudetiam</span> <span class='ocrx_word' id='word_1_184' title='bbox 609 3260 681 3332; x_wconf 92' lang='lat' dir='ltr'>huc</span> <span class='ocrx_word' id='word_1_185' title='bbox 697 3258 795 3332; x_wconf 92' lang='lat' dir='ltr'>trahi</span> <span class='ocrx_word' id='word_1_186' title='bbox 820 3267 953 3354; x_wconf 88' lang='lat' dir='ltr'>potest,</span> <span class='ocrx_word' id='word_1_187' title='bbox 972 3256 1102 3354; x_wconf 93' lang='lat' dir='ltr'>inquo</span> <span class='ocrx_word' id='word_1_188' title='bbox 1126 3255 1244 3329; x_wconf 91' lang='lat' dir='ltr'>omnis</span> 
     </span>
     <span class='ocr_line' id='line_1_27' title="bbox 191 3373 1245 3470; baseline -0.001 -23"><span class='ocrx_word' id='word_1_189' title='bbox 191 3373 352 3470; x_wconf 83' lang='lat' dir='ltr'>Tragioae</span> <span class='ocrx_word' id='word_1_190' title='bbox 383 3373 536 3448; x_wconf 90' lang='lat' dir='ltr'>Poeseos</span> <span class='ocrx_word' id='word_1_191' title='bbox 568 3375 620 3449; x_wconf 87' lang='lat' dir='ltr'>vis</span> <span class='ocrx_word' id='word_1_192' title='bbox 651 3383 689 3450; x_wconf 94' lang='lat' dir='ltr'>et</span> <span class='ocrx_word' id='word_1_193' title='bbox 718 3400 825 3449; x_wconf 89' lang='lat' dir='ltr'>verus</span> <span class='ocrx_word' id='word_1_194' title='bbox 855 3399 944 3449; x_wconf 89' lang='lat' dir='ltr'>usus</span> <span class='ocrx_word' id='word_1_195' title='bbox 971 3374 1151 3462; x_wconf 75' lang='lat' dir='ltr'>cernitur,</span> <span class='ocrx_word' id='word_1_196' title='bbox 1183 3373 1245 3446; x_wconf 86' lang='lat' dir='ltr'>illa</span> 
     </span>
     <span class='ocr_line' id='line_1_28' title="bbox 189 3489 1244 3590; baseline -0.002 -27"><span class='ocrx_word' id='word_1_197' title='bbox 189 3491 289 3564; x_wconf 88' lang='lat' dir='ltr'>enim</span> <span class='ocrx_word' id='word_1_198' title='bbox 318 3515 392 3564; x_wconf 89' lang='lat' dir='ltr'>non</span> <span class='ocrx_word' id='word_1_199' title='bbox 420 3490 458 3563; x_wconf 90' lang='lat' dir='ltr'>in</span> <span class='ocrx_word' id='word_1_200' title='bbox 484 3491 691 3567; x_wconf 88' lang='lat' dir='ltr'>infortuniis</span> <span class='ocrx_word' id='word_1_201' title='bbox 719 3491 943 3590; x_wconf 88' lang='lat' dir='ltr'>optimorum</span> <span class='ocrx_word' id='word_1_202' title='bbox 975 3490 1178 3575; x_wconf 90' lang='lat' dir='ltr'>hominum,</span> <span class='ocrx_word' id='word_1_203' title='bbox 1206 3489 1244 3562; x_wconf 91' lang='lat' dir='ltr'>in</span> 
     </span>
     <span class='ocr_line' id='line_1_29' title="bbox 189 3607 1243 3707; baseline 0 -27"><span class='ocrx_word' id='word_1_204' title='bbox 189 3607 234 3682; x_wconf 91' lang='lat' dir='ltr'>iis</span> <span class='ocrx_word' id='word_1_205' title='bbox 253 3608 381 3682; x_wconf 89' lang='lat' dir='ltr'>saltem</span> <span class='ocrx_word' id='word_1_206' title='bbox 399 3633 480 3706; x_wconf 89' lang='lat' dir='ltr'>quae</span> <span class='ocrx_word' id='word_1_207' title='bbox 498 3634 541 3682; x_wconf 83' lang='lat' dir='ltr'>ex</span> <span class='ocrx_word' id='word_1_208' title='bbox 559 3611 637 3707; x_wconf 90' lang='lat' dir='ltr'>ipsa</span> <span class='ocrx_word' id='word_1_209' title='bbox 657 3611 719 3684; x_wconf 91' lang='lat' dir='ltr'>illa</span> <span class='ocrx_word' id='word_1_210' title='bbox 737 3610 871 3683; x_wconf 88' lang='lat' dir='ltr'>virtute</span> <span class='ocrx_word' id='word_1_211' title='bbox 896 3609 1097 3706; x_wconf 88' lang='lat' dir='ltr'>profluunt,</span> <span class='ocrx_word' id='word_1_212' title='bbox 1116 3607 1243 3680; x_wconf 91' lang='lat' dir='ltr'>immo-</span> 
     </span>
     <span class='ocr_line' id='line_1_30' title="bbox 189 3725 1243 3824; baseline -0.004 -25"><span class='ocrx_word' id='word_1_213' title='bbox 189 3735 303 3814; x_wconf 86' lang='lat' dir='ltr'>ratur,</span> <span class='ocrx_word' id='word_1_214' title='bbox 324 3751 369 3800; x_wconf 92' lang='lat' dir='ltr'>ne</span> <span class='ocrx_word' id='word_1_215' title='bbox 386 3734 462 3800; x_wconf 85' lang='lat' dir='ltr'>tam</span> <span class='ocrx_word' id='word_1_216' title='bbox 479 3725 668 3824; x_wconf 84' lang='lat' dir='ltr'>indignum</span> <span class='ocrx_word' id='word_1_217' title='bbox 685 3738 723 3802; x_wconf 92' lang='lat' dir='ltr'>et</span> <span class='ocrx_word' id='word_1_218' title='bbox 746 3738 851 3801; x_wconf 86' lang='lat' dir='ltr'>atrox</span> <span class='ocrx_word' id='word_1_219' title='bbox 877 3727 1127 3824; x_wconf 85' lang='lat' dir='ltr'>spectaculum</span> <span class='ocrx_word' id='word_1_220' title='bbox 1145 3749 1243 3798; x_wconf 88' lang='lat' dir='ltr'>aver-</span> 
     </span>
     <span class='ocr_line' id='line_1_31' title="bbox 190 3841 1244 3944; baseline -0.002 -28"><span class='ocrx_word' id='word_1_221' title='bbox 190 3852 291 3916; x_wconf 89' lang='lat' dir='ltr'>setur</span> <span class='ocrx_word' id='word_1_222' title='bbox 311 3844 455 3918; x_wconf 89' lang='lat' dir='ltr'>animus</span> <span class='ocrx_word' id='word_1_223' title='bbox 468 3876 477 3933; x_wconf 93' lang='lat'><strong>;</strong></span> <span class='ocrx_word' id='word_1_224' title='bbox 508 3869 624 3944; x_wconf 89' lang='lat' dir='ltr'>neque</span> <span class='ocrx_word' id='word_1_225' title='bbox 641 3871 727 3920; x_wconf 88' lang='lat' dir='ltr'>vero</span> <span class='ocrx_word' id='word_1_226' title='bbox 751 3845 944 3919; x_wconf 88' lang='lat' dir='ltr'>criminum</span> <span class='ocrx_word' id='word_1_227' title='bbox 967 3865 1094 3939; x_wconf 89' lang='lat' dir='ltr'>poenas</span> <span class='ocrx_word' id='word_1_228' title='bbox 1120 3853 1157 3914; x_wconf 88' lang='lat' dir='ltr'>et</span> <span class='ocrx_word' id='word_1_229' title='bbox 1181 3841 1244 3914; x_wconf 86' lang='lat' dir='ltr'>fla-</span> 
     </span>
     <span class='ocr_line' id='line_1_32' title="bbox 189 3959 1244 4060; baseline -0.002 -26"><span class='ocrx_word' id='word_1_230' title='bbox 189 3960 404 4056; x_wconf 86' lang='lat' dir='ltr'>gitiosorum</span> <span class='ocrx_word' id='word_1_231' title='bbox 421 3961 613 4059; x_wconf 87' lang='lat' dir='ltr'>hominum</span> <span class='ocrx_word' id='word_1_232' title='bbox 634 3963 812 4060; x_wconf 89' lang='lat' dir='ltr'>supplicia</span> <span class='ocrx_word' id='word_1_233' title='bbox 835 3961 997 4058; x_wconf 87' lang='lat' dir='ltr'>exponit,</span> <span class='ocrx_word' id='word_1_234' title='bbox 1017 3959 1147 4057; x_wconf 89' lang='lat' dir='ltr'>quibus</span> <span class='ocrx_word' id='word_1_235' title='bbox 1167 3968 1244 4032; x_wconf 89' lang='lat' dir='ltr'>tau-</span> 
     </span>
     <span class='ocr_line' id='line_1_33' title="bbox 188 4077 1245 4176; baseline 0 -26"><span class='ocrx_word' id='word_1_236' title='bbox 188 4102 299 4174; x_wconf 92' lang='lat' dir='ltr'>quam</span> <span class='ocrx_word' id='word_1_237' title='bbox 330 4077 440 4174; x_wconf 91' lang='lat' dir='ltr'>justis</span> <span class='ocrx_word' id='word_1_238' title='bbox 474 4103 605 4176; x_wconf 88' lang='lat' dir='ltr'>parum</span> <span class='ocrx_word' id='word_1_239' title='bbox 639 4101 934 4166; x_wconf 90' lang='lat' dir='ltr'>commovemur;</span> <span class='ocrx_word' id='word_1_240' title='bbox 970 4078 1088 4150; x_wconf 90' lang='lat' dir='ltr'>multo</span> <span class='ocrx_word' id='word_1_241' title='bbox 1122 4077 1245 4150; x_wconf 91' lang='lat' dir='ltr'>minus</span> 
     </span>
     <span class='ocr_line' id='line_1_34' title="bbox 188 4192 1245 4293; baseline 0 -25"><span class='ocrx_word' id='word_1_242' title='bbox 188 4196 387 4268; x_wconf 91' lang='lat' dir='ltr'>eorundem</span> <span class='ocrx_word' id='word_1_243' title='bbox 425 4221 635 4293; x_wconf 86' lang='lat' dir='ltr'>prosperam</span> <span class='ocrx_word' id='word_1_244' title='bbox 673 4197 856 4270; x_wconf 86' lang='lat' dir='ltr'>fortunam</span> <span class='ocrx_word' id='word_1_245' title='bbox 896 4192 1061 4290; x_wconf 86' lang='lat' dir='ltr'>exquirit,</span> <span class='ocrx_word' id='word_1_246' title='bbox 1098 4217 1180 4292; x_wconf 83' lang='lat' dir='ltr'>quae</span> <span class='ocrx_word' id='word_1_247' title='bbox 1214 4195 1245 4268; x_wconf 92' lang='lat' dir='ltr'>si</span> 
     </span>
    </p>
   </div>
   <div class='ocr_carea' id='block_1_6' title="bbox 269 4323 1263 4518">
    <p class='ocr_par' dir='ltr' id='par_1_10' title="bbox 269 4323 1263 4518">
     <span class='ocr_line' id='line_1_35' title="bbox 269 4323 1263 4424; baseline -0.006 -15"><span class='ocrx_word' id='word_1_248' title='bbox 269 4358 283 4382; x_wconf 77' lang='lat'>¹⁵</span> <span class='ocrx_word' id='word_1_249' title='bbox 301 4351 400 4410; x_wconf 67' lang='lat' dir='ltr'>Arist.</span> <span class='ocrx_word' id='word_1_250' title='bbox 415 4352 509 4419; x_wconf 66' lang='lat' dir='ltr'>Post,</span> <span class='ocrx_word' id='word_1_251' title='bbox 525 4369 550 4411; x_wconf 88' lang='lat' dir='ltr'>e.</span> <span class='ocrx_word' id='word_1_252' title='bbox 567 4369 614 4424; x_wconf 86' lang='lat'>23.</span> <span class='ocrx_word' id='word_1_253' title='bbox 916 4358 929 4386; x_wconf 80' lang='lat'><strong>⁹</strong></span> <span class='ocrx_word' id='word_1_254' title='bbox 949 4346 1014 4406; x_wconf 91' lang='lat' dir='ltr'>Vid.</span> <span class='ocrx_word' id='word_1_255' title='bbox 1030 4347 1119 4406; x_wconf 83' lang='lat' dir='ltr'>Proel.</span> <span class='ocrx_word' id='word_1_256' title='bbox 1134 4365 1163 4422; x_wconf 88' lang='lat'>3.</span> <span class='ocrx_word' id='word_1_257' title='bbox 1261 4323 1263 4330; x_wconf 69' lang='lat'>,</span> 
     </span>
     <span class='ocr_line' id='line_1_36' title="bbox 711 4473 733 4518; baseline 0 0"><span class='ocrx_word' id='word_1_258' title='bbox 711 4473 733 4518; x_wconf 84' lang='lat' dir='ltr'>R</span> 
     </span>
    </p>
   </div>
   <div class='ocr_carea' id='block_1_7' title="bbox 0 0 1540 4908">
    <p class='ocr_par' dir='ltr' id='par_1_11' title="bbox 0 0 1540 4908">
     <span class='ocr_line' id='line_1_37' title="bbox 0 0 1540 4908; baseline 0 0"><span class='ocrx_word' id='word_1_259' title='bbox 0 0 1540 4908; x_wconf 95' lang='lat' dir='ltr'> </span> 
     </span>
    </p>
   </div>
  </div>
 </body>
</html>
