3094 4898
300 305 363 368 154
655 313 864 366 raarrcrm
884 313 994 364 nora.

295 477 394 552 tam3
423 488 489 540 nec
505 489 591 540 vero
615 463 721 538 facile
744 474 803 538 est
819 474 935 539 totam
962 489 1040 540 rem
1065 465 1146 540 fuse
1170 469 1355 565 prosequi,

297 608 412 680 pauca
436 585 610 657 adnotare
635 582 792 658 sufficiat
818 608 897 680 quae
923 585 970 658 ad
994 586 1175 682 pleniores
1200 587 1354 664 aliorum

294 698 577 776 commentarios
589 724 633 773 ac
650 700 831 797 praecipue
845 700 1033 776 Strabonis
1051 703 1215 800 proaemii
1228 705 1355 783 locum

296 819 463 892 habeant.
515 818 599 892 Jam
625 843 713 891 vero
743 841 816 891 non
846 818 1075 893 mediocriter
1102 821 1147 894 de
1177 820 1241 894 illo
1269 846 1353 896 sen-

296 935 458 1008 tiendum
477 942 533 1008 est
559 959 668 1033 quem
686 934 817 1008 Strabo
843 934 1037 1032 diligentiae
1063 947 1101 1010 et
1117 935 1202 1010 fidei
1227 939 1354 1034 singu-

295 1053 380 1126 laris
411 1053 628 1150 scriptorio
652 1050 801 1126 Graeciae
824 1053 1065 1150 descriptione
1099 1055 1174 1129 lere
1204 1055 1355 1128 unicum

296 1171 364 1244 sibi
395 1171 523 1244 ducem
556 1170 689 1243 habere
719 1171 848 1242 voluit.
902 1169 956 1242 Ex
990 1171 1154 1267 ejusdem
1187 1172 1355 1246 authoris

295 1287 563 1362 commentariis
580 1293 693 1383 patet,
707 1291 855 1384 poetam
872 1311 948 1361 non
964 1293 1113 1361 tantum
1129 1289 1239 1362 urbes
1255 1290 1355 1386 ipsas

296 1413 334 1480 et
363 1407 526 1502 regiones
552 1405 769 1480 nominatim
794 1405 1027 1501 percurrisse,
1054 1407 1118 1479 sed
1151 1431 1280 1480 eorum
1305 1409 1355 1480 si-

297 1534 389 1612 tum,
417 1528 647 1619 proventum,
675 1520 874 1610 historiam,
904 1528 942 1594 et
967 1522 1038 1596 looi
1064 1523 1355 1622 uniuscujusque

297 1651 463 1714 naturam
490 1639 679 1736 diligenter
704 1640 926 1726 observasse,
952 1640 1052 1713 unde
1077 1639 1231 1714 Homeri
1256 1653 1355 1715 cata·

296 1759 402 1854 logus
419 1781 647 1854 nequaquem
673 1781 718 1830 ex
744 1754 874 1854 frigida
898 1766 936 1830 et
961 1756 1070 1830 inerti
1094 1758 1284 1831 nominum
1301 1783 1355 1831 re-

295 1873 465 1948 censione
498 1867 781 1961 connominatur,
808 1873 873 1947 sed
908 1871 1119 1948 Graecarum
1154 1875 1355 1972 antiquita·

298 2002 375 2066 tum
401 1992 599 2089 pretiosum
621 2001 659 2065 et
683 1993 900 2088 locupletem
921 1991 1135 2066 thesaurum
1158 1993 1355 2089 complexu

297 2135 364 2183 suo
381 2111 557 2194 continet,
575 2109 662 2182 dum
680 2095 823 2204 singola
847 2109 950 2183 brevi
968 2108 1114 2206 quidem
1132 2109 1196 2182 sed
1213 2119 1300 2206 apto
1317 2121 1357 2182 et

297 2228 432 2300 diserto
466 2225 629 2324 epitheto
665 2226 831 2321 designat
860 2225 984 2300 Poeta.
1037 2225 1137 2301 Hinc
1164 2224 1356 2322 Tirynthia

298 2345 431 2417 moenia
458 2342 657 2441 Cyclopum
682 2342 851 2415 manibus
876 2341 1051 2416 fabricata
1074 2343 1358 2418 celebrantur-—

297 2461 463 2569 Τίρυνθά
486 2457 526 2545 r}
549 2457 793 2568 τειχιόεσσαν
804 2467 826 2544 ¹.
880 2469 979 2544 Hinc
996 2470 1199 2546 Corinthus
1219 2471 1357 2545 utrius-

297 2629 370 2702 que
395 2601 502 2674 maris
527 2601 662 2674 arbiter
679 2589 831 2698 ἀφνειὸς
847 2609 1035 2690 vocatur·,
1054 2627 1141 2676 mox
1165 2601 1358 2698 subjicitur

298 2732 444 2831 Python
460 2729 637 2828 Delphica
659 2754 749 2827 rupe
774 2727 1142 2828 insignis—llodoiva
1160 2758 1201 2803 τε
1220 2721 1357 2826 πετρή·

296 2845 457 2935 εσσαν“.
493 2859 542 2934 Et
554 2857 712 2934 Athenae
725 2860 882 2934 Palladis
898 2863 1016 2934 tutela
1033 2862 1283 2959 superbientes
1296 2894 1360 2936 :-

456 3013 544 3082 Airwv
557 3011 698 3082 Ἐρεχθῆος
710 3011 898 3084 lundens,
912 3012 942 3068 ὅν
954 3013 1013 3068 ποτ’
1027 3012 1123 3082 'Atini

455 3108 547 3182 Θρίψε
562 3111 624 3166 Διὸς
638 3109 783 3180 θνγᾶτηρο.

297 3227 387 3302 Haec
414 3231 512 3327 regio
538 3231 662 3306 avitis
687 3234 832 3306 cultura
856 3233 1002 3318 laudem
1028 3234 1149 3322 habet,
1169 3235 1247 3310 haec
1272 3261 1357 3335 pas·

295 3347 375 3420 cius
406 3357 443 3420 et
470 3345 640 3444 gregibus
665 3351 743 3423 suis
771 3352 831 3422 vel
856 3374 1068 3448 camporum
1098 3351 1217 3448 spatio
1247 3353 1358 3427 incla-

233 3521 238 3532 .
297 3463 416 3538 rescit.
482 3465 560 3540 Neo
598 3491 686 3540 vero
726 3466 806 3541 haee
846 3469 1009 3564 epitheta
1049 3475 1201 3544 ornatus
1241 3470 1359 3567 gratia

298 3592 433 3655 temere
457 3583 750 3680 interponuntur,
773 3586 838 3658 sed
864 3585 1023 3659 historiae
1050 3587 1114 3659 sed
1140 3593 1358 3662 caeterorum

297 3701 491 3774 authorum
508 3700 725 3775 testimoniis
752 3701 884 3776 mirum
909 3703 947 3776 in
968 3703 1119 3776 modum
1139 3706 1359 3802 plerumque

294 3819 528 3893 conveniunt.
568 3817 697 3916 Neque
715 3845 773 3892 me
792 3827 927 3908 movet,
948 3821 978 3894 si
995 3821 1089 3894 sorte
1106 3822 1272 3895 locorum
1290 3847 1357 3896 no·

296 3937 397 4008 mina
426 3935 591 4032 quaedam
621 3961 770 4032 prorsus
800 3937 1061 4024 interciderint,
1091 3962 1158 4011 nec
1188 3939 1221 4011 si
1249 3963 1272 4012 a
1300 3963 1357 4012 re-

296 4053 449 4127 centiori
479 4053 627 4130 Graeciae
660 4061 759 4130 stetu
790 4055 913 4128 Poetae
948 4057 1058 4130 verba
1091 4079 1357 4152 nonnunquam

294 4169 523 4245 abhorreant.
577 4173 703 4246 Mirari
721 4174 844 4270 potius
868 4174 1046 4270 contingit
1064 4171 1357 4269 antiquissimam

337 4343 538 4420 ¹1tn559.
600 4344 707 4406 ¹1bid.
726 4365 791 4424 570.
857 4345 1051 4424 '’lbid.519.
1116 4345 1314 4426 eIbid.547.
