3058 4902
258 262 324 324 344
579 263 789 314 Putrem
817 263 996 312 meacm.

255 418 426 494 Externis
458 417 568 492 etiam
602 439 650 489 ex
683 413 825 488 indiciis
859 419 1002 486 constat
1032 413 1163 486 AEoeae
1191 411 1315 510 imago

256 537 411 611 Pandari
428 559 561 631 corpus
579 531 805 631 protegentis
817 562 880 604 :-

412 685 498 757 ’Appi
511 685 533 740 δ’
548 683 590 756 ἄρ’
604 686 673 760 αὐτῷ
686 686 771 748 βαῖνε,
786 682 854 737 lior
868 684 911 745 dre,
926 684 986 738 άλιὶ
999 684 1138 740 πεποιθῶο.

411 778 519 850 Πρόσθε
531 780 559 834 δι’
574 781 599 834 ol
613 775 712 850 δόρατ’
726 779 800 846 ἔσχε,
815 779 857 830 καὶ
869 777 971 831 dorida
982 780 1099 832 πάντοσε
1112 775 1183 848 ἴσην,

412 879 463 932 Τὸν
476 877 596 947 κτάμεναι
608 876 721 944 μεροόιι,
735 875 810 930 ὅστις
821 877 869 928 τοῦ
881 872 908 946 γ’
922 873 1010 928 durior
1022 874 1097 929 ἔλθοι
1106 878 1135 928 “.

253 1003 302 1077 Et
331 1015 373 1077 ut
403 1006 449 1077 ad
479 1002 628 1076 alterius
662 1000 803 1096 generis
837 1003 1045 1097 exemplum
1079 1011 1308 1075 transeamus

253 1122 528 1197 Andromaches
546 1119 698 1192 Hectori
715 1143 783 1192 suo
801 1119 1033 1192 valedicentis
1048 1149 1110 1192 :—

527 1299 568 1309 -
581 1272 680 1341 άλαχοι·
693 1271 721 1325 δι’
735 1271 804 1340 φίλη
817 1265 917 1325 οἶκόνδε
930 1269 1039 1340 βεβήκει

411 1368 672 1439 Ἐντροπολιζομένη,
685 1367 797 1439 θαλερὸν
810 1367 875 1422 κατά
888 1369 970 1439 δάκρυ
981 1367 1083 1438 χέουσα
1090 1371 1114 1424 “.

254 1493 354 1575 Quin
370 1501 408 1568 et
425 1495 520 1591 Ajax
538 1496 643 1567 vultu
661 1493 771 1567 etiam
789 1517 828 1567 se
846 1493 1005 1570 declarat
1030 1520 1115 1569 cum
1133 1495 1308 1591 singulari

251 1611 439 1685 certamini
456 1635 495 1684 se
511 1612 666 1706 accingit
681 1642 741 1682 :—

449 1765 578 1820 Μειδιάονν
590 1765 755 1837 βλοσυροῖσι
767 1767 927 1838 προσώπασι
936 1769 958 1822 ⁰.

249 1903 303 1976 Ex
328 1902 507 1976 similibus
533 1902 645 1999 signis
669 1908 814 1977 constat
838 1903 1002 1999 ejusdem
1025 1901 1219 1999 descriptio
1241 1925 1304 1974 ex·

247 2025 366 2092 tremo
394 2021 432 2092 in
458 2018 666 2093 discrimine
689 2044 755 2118 pro
778 2019 905 2094 castris
928 2029 964 2094 et
988 2020 1143 2094 navibus
1162 2018 1307 2094 Graeeo

249 2159 332 2207 rum
350 2136 615 2232 propugnantis
628 2169 690 2208 :-

482 2315 523 2328 -
536 2293 603 2358 νιρΐιν
615 2285 675 2362 Ιιἰερι’
689 2287 808 2365 άπᾷχετα
821 2290 906 2362 μακρά
919 2287 1073 2356 βιβάσθων

402 2386 485 2454 Νόμα
497 2386 526 2439 δι’
540 2385 639 2453 ξυστὸν
651 2386 718 2458 ρι’γα
732 2385 864 2458 ναύμαχον
877 2387 905 2441 άν
917 2388 1065 2455 παλάμῃσι,
1080 2385 1177 2441 ΗΜ

404 2513 461 2570 Atel
475 2513 503 2568 dd
517 2514 648 2587 σμερδνὸν
659 2517 748 2582 βοόων
762 2518 888 2571 Δαναοῖσι
901 2515 1021 2571 namt.

246 2637 295 2710 Et
310 2635 480 2712 Hectoris
494 2639 605 2713 etiam
622 2651 707 2738 post
719 2643 867 2738 longam
880 2641 1189 2738 oppugnationem
1202 2643 1301 2717 intra

246 2777 393 2828 murum
412 2753 626 2830 Graecorum
644 2759 916 2856 prorumpentis
928 2789 992 2832 :-

480 2906 753 2982 -ea’cp’aapt
765 2908 1005 2984 cnam'mup

406 3005 486 3059 Νυκτὶ
499 3004 548 3074 θοῇ
561 3004 704 3064 ἀτάλαντοι
717 3005 821 3062 ὑπώπια
829 3009 850 3060 ¹.

246 3126 369 3202 Addas
387 3129 471 3205 licet
488 3131 705 3207 Diomedem
729 3158 900 3208 somnum
917 3135 1122 3232 capientem
1139 3145 1181 3210 ut
1199 3135 1302 3210 Grae-

244 3242 296 3317 cis
313 3245 432 3320 verbis
449 3254 596 3322 utamur
612 3279 674 3320 2-

402 3421 494 3482 Ἐκτὸι
507 3425 558 3481 άπὸ
572 3427 677 3498 κλισίης
690 3427 741 3482 σι’νν
751 3426 876 3500 τεύχεσιν
882 3433 901 3485 ·.

243 3543 328 3620 Ηοο
344 3546 441 3620 enim
458 3557 515 3624 est
537 3575 580 3623 ea
602 3553 793 3649 complecti
810 3579 893 3651 quae
915 3579 1078 3652 persone
1096 3571 1299 3654 eongmunt

241 3675 280 3738 et
308 3688 388 3737 eam
420 3666 653 3742 comitentur.
706 3671 893 3746 Antilochi
926 3672 1037 3746 etiam
1071 3673 1229 3770 ingenua
1261 3685 1302 3750 et

243 3781 398 3855 honesta
415 3783 553 3857 indoles
572 3783 738 3859 similiter
753 3786 957 3863 declaratur
972 3789 1011 3862 in
1027 3791 1107 3887 ejus
1131 3792 1233 3865 luctu
1251 3793 1299 3866 ob

242 3897 452 3973 Patroclum
469 3903 632 3976 occisum
648 3935 710 3978 :—

284 4103 302 4128 ’
322 4094 366 4154 Il.
384 4109 415 4156 c.
432 4117 499 4176 299.
637 4109 651 4135 ¹¹
672 4099 747 4162 lbid.
764 4116 791 4163 z.
805 4121 876 4182 495.
1007 4111 1020 4138 ⁰
1040 4104 1120 4166 lbid.
1136 4119 1171 4166 Η.
1188 4126 1256 4166 212.

280 4181 292 4282 ἴ
310 4173 391 4313 {pp}
405 4189 439 4316 p.
455 4179 525 4332 'opp
667 4188 680 4222 ¹
703 4181 782 4242 Ibid.
797 4185 866 4242 688.
1010 4184 1020 4207 ¹
1040 4184 1119 4246 lbid.
1130 4201 1173 4249 lt.
1187 4189 1257 4263 462.
