3058 4908
302 317 369 386 2⁷2
577 330 790 380 sancsone
810 328 1085 384 necrus-sarrs.

422 483 440 515 “
452 480 575 560 Semper
587 480 625 540 ad
638 483 778 540 eventum
792 478 926 548 festinat,
940 482 973 537 et
985 476 1019 536 in
1032 475 1144 536 medias
1158 494 1206 534 res

448 578 521 639 Non
534 599 620 639 secus
633 598 668 638 ae
681 585 770 638 notas
784 575 951 637 auditorem
966 575 1056 655 rapit,
1070 579 1103 634 et
1116 592 1183 652 quae

448 675 597 753 Desperat
610 680 739 734 tractata
752 673 901 733 nitescere
915 692 1004 753 posse
1018 669 1193 749 relinquit.’'

306 807 376 882 Sed
393 818 432 882 et
447 807 560 907 ipsius
578 808 733 882 Homeri
752 808 965 882 sententiam
984 808 1161 882 habemus
1174 836 1236 878 z·-

460 950 517 1018 Te‘sy
529 945 625 1014 ἆμόθεν
637 969 677 1019 γε,
693 945 740 1001 θεὰ
754 945 866 1019 θῦγατερ
881 947 952 1006 Διὸς.
966 945 1026 1001 εἰπὲ
1040 946 1082 999 καὶ
1094 943 1154 1014 ἧμιν
1161 949 1193 996 ¹².

358 1054 390 1124 l.
411 1051 458 1124 In
470 1053 587 1149 primo
600 1053 722 1149 itaque
734 1052 826 1125 libro
839 1051 1029 1125 exordium
1040 1075 1222 1123 summam
1235 1045 1355 1144 operis

306 1169 432 1242 eadem
462 1195 534 1266 qua
563 1171 602 1242 in
629 1169 741 1242 Iliade
771 1169 1004 1265 simplicitate
1033 1167 1195 1266 exponit,
1223 1165 1356 1240 exinde

305 1287 428 1383 paucis
445 1287 616 1385 Ulyssem
639 1296 676 1360 et
701 1295 915 1384 praeseutem
933 1287 1011 1382 ejus
1036 1283 1280 1359 conditionem
1298 1289 1354 1354 at·

306 1404 416 1502 tingit
433 1417 469 1476 et
495 1405 732 1502 deploratae
754 1404 921 1500 protinus
946 1405 983 1477 in
1002 1403 1137 1476 medios
1155 1400 1289 1473 Ithacae
1314 1405 1354 1471 et

306 1546 501 1618 procorum
513 1522 695 1594 tumultus
707 1521 881 1593 lectorem
895 1519 1060 1618 proripit.
1099 1517 1156 1590 Ex
1169 1517 1357 1612 hscparte

307 1661 428 1710 coram
455 1638 636 1710 sistuntur
662 1660 756 1709 uxor
785 1637 879 1731 regis
905 1635 1085 1730 Penelope
1115 1635 1194 1706 sine
1226 1631 1356 1704 amicis

306 1765 343 1827 et
369 1755 498 1827 marito
522 1754 788 1850 quodammodo
804 1751 925 1839 vidua,
943 1753 1062 1825 adhuc
1083 1776 1170 1824 vero
1193 1750 1356 1824 thalamo

307 1871 462 1968 nuptiali
492 1870 573 1959 fida,
609 1871 857 1960 Telemachus
891 1894 964 1966 prae
989 1871 1183 1966 juventute
1212 1866 1356 1940 familiae

306 2013 382 2062 suae
412 1990 494 2085 jura
528 1989 690 2062 nondum
724 2013 834 2061 ausus
867 2011 1036 2074 asserere,
1067 1993 1105 2058 et
1138 2009 1357 2059 numerosus

306 2106 514 2202 principum
531 2106 619 2179 ordo
637 2105 791 2202 superbe
816 2128 960 2178 causam
979 2129 1083 2176 suam
1099 2111 1248 2197 agentes
1263 2113 1300 2176 et
1316 2103 1358 2176 in

308 2225 387 2319 ipso
404 2224 539 2320 palatio
554 2225 834 2297 tumultuantes.

360 2342 395 2414 2.
424 2341 467 2414 In
485 2338 538 2412 2⁶⁰
554 2341 706 2414 eandem
723 2365 800 2413 rem
818 2339 1047 2437 prosequitur
1063 2339 1185 2413 Poeta.
1237 2337 1358 2436 Popu-

307 2460 386 2532 lum
407 2457 633 2531 lthacensem
659 2457 697 2531 in
722 2466 845 2555 partes
871 2482 955 2530 suas
980 2463 1087 2530 vocat
1103 2457 1357 2544 Telemachus,

308 2585 418 2674 atque
437 2574 476 2648 in
493 2575 562 2649 hoc
587 2583 687 2649 coetu
713 2600 887 2673 magnum
903 2576 946 2647 fit
969 2576 1062 2670 regis
1082 2573 1297 2647 desiderium
1320 2583 1359 2647 et

309 2693 503 2782 miseratio,
523 2695 624 2767 deest
648 2699 771 2766 tamen
788 2693 842 2766 vis
868 2703 905 2766 et
931 2693 1132 2766 authoritas
1158 2715 1240 2789 quae
1265 2692 1361 2764 sedi·

308 2811 426 2886 tiones
456 2812 563 2886 hasce
592 2817 717 2908 posset
746 2835 973 2908 componere.
1027 2810 1069 2882 In
1100 2811 1229 2884 iisdem
1259 2809 1359 2882 libris

309 2929 501 3003 eonsilium
533 2953 642 3002 suum
674 2927 789 3026 aperit
816 2927 1057 3001 Telemachus
1090 2927 1129 3000 in
1156 2927 1288 3025 Pylum
1320 2936 1360 3000 et

311 3046 480 3144 Spartam
497 3047 760 3144 proficiscendi,
776 3046 807 3120 si
823 3047 918 3120 forte
935 3045 1123 3120 Menelaus
1139 3053 1205 3120 aut
1219 3045 1361 3120 Nestor

310 3164 355 3237 de
371 3169 474 3260 patre
491 3166 681 3238 certiorem
700 3189 785 3256 eum
802 3163 946 3237 faciant.

360 3284 396 3368 3,
415 3285 451 3353 4.
477 3281 598 3378 Atque
624 3281 701 3354 haee
727 3282 902 3379 profectio
927 3281 966 3354 in
988 3278 1046 3354 3²¹⁰
1061 3287 1100 3354 et
1115 3281 1165 3355 4‘0
1181 3279 1281 3355 libris
1306 3282 1361 3354 lo·

310 3425 396 3474 cum
422 3399 541 3485 habet,
559 3425 602 3473 ea
627 3400 736 3473 credo
761 3423 868 3473 causa
892 3424 916 3472 a
932 3399 1045 3473 Poeta
1069 3400 1225 3474 conficta
1241 3407 1361 3472 utres

310 3521 350 3594 in
375 3527 577 3593 extremum
595 3518 788 3592 discrimen
812 3519 1006 3615 perductas
1031 3543 1110 3592 esse
1133 3518 1361 3593 demonstra·

311 3648 379 3725 ret,
400 3644 436 3710 et
462 3635 616 3710 aliorum
641 3634 751 3709 etiam
769 3638 902 3710 ducum
927 3647 964 3709 et
989 3636 1197 3734 principum
1220 3661 1362 3710 errores

311 3755 452 3829 facilius
478 3759 694 3850 argumento
719 3777 787 3826 suo
812 3754 1040 3841 immisceret,
1058 3763 1102 3827 ut
1127 3753 1283 3851 denique
1307 3753 1362 3852 ip-

312 3898 395 3946 sum
412 3871 582 3968 Ulyssem
599 3895 706 3944 suum
730 3870 844 3966 magis
869 3870 1138 3944 commendaret
1154 3871 1217 3968 qui
1233 3871 1365 3945 Mene-

312 3990 370 4062 lao
404 3994 442 4062 et
469 3987 614 4062 Nestori
644 3996 720 4060 tam
749 4011 853 4060 carus
883 3989 942 4062 sit.
994 3987 1161 4060 Audacia
1187 3989 1297 4062 etiam
1324 3995 1366 4063 et

312 4109 446 4182 ferocia
475 4133 670 4205 procorum
697 4109 830 4181 iterum
864 4109 903 4180 in
928 4107 1067 4180 insidiis
1101 4107 1233 4208 quibus
1259 4107 1363 4183 Tele·

315 4226 483 4298 machum
501 4226 715 4298 redeuntem
732 4231 864 4322 petunt
879 4223 1114 4322 conspicitur.

711 4381 730 4404 '¹¹
753 4372 854 4452 Odyea
871 4387 901 4434 a.
920 4375 965 4434 18.
