3058 4902
277 331 344 396 284
529 345 741 392 rnnnrorro
765 343 1087 392 nrcrnxnnrrrnr.

278 494 360 582 fuit,
375 520 448 591 quo
466 493 504 565 in
517 494 646 589 exigua
663 494 849 588 illaquam
865 491 932 564 sibi
951 493 1198 587 desumpserat
1214 491 1335 564 fabula

278 611 511 684 concluderet
540 608 728 682 historiam
762 616 800 682 et
834 634 953 682 mores
984 617 1021 681 ct
1056 609 1335 682 consuetudines
1426 624 1442 646 ⁸

278 752 429 801 suorum
447 735 666 822 temporum,
686 751 766 823 quae
787 726 910 798 omnia
928 737 969 798 ut
986 726 1142 798 vidimus
1165 724 1202 796 in
1220 725 1333 820 poeti-

277 867 339 917 cos
366 867 455 916 usus
483 843 633 916 feliciter
659 851 868 937 comparata
895 849 1011 929 erant,
1041 867 1194 938 quorum
1224 841 1334 916 etiarn

277 959 489 1033 memoriam
515 983 728 1032 conservare
751 966 788 1030 et
813 957 966 1054 posteris
990 959 1242 1032 commendare
1268 983 1333 1032 vo-

277 1087 356 1175 luit,
384 1080 607 1162 ἐπεισοδίοις
642 1071 820 1180 κέχρηται
856 1079 978 1158 αὐτῶν
1006 1072 1166 1162 πολλοῖς
1175 1072 1202 1159 ⁶.
1256 1086 1333 1159 Sub

277 1204 345 1276 hac
369 1212 490 1278 autern
519 1228 627 1300 quam
653 1227 762 1298 supra
783 1203 958 1275 ediximus
989 1204 1067 1298 lege
1094 1203 1182 1275 dum
1210 1212 1332 1276 totum

277 1320 351 1392 sere
363 1320 446 1393 vitae
463 1320 632 1391 humanae
650 1319 829 1391 ambitum
848 1321 1063 1415 perlustrare
1077 1319 1220 1391 videtur
1232 1331 1269 1392 et
1286 1321 1333 1392 ad

278 1437 467 1509 arbitrium
495 1461 602 1508 suum
628 1461 858 1532 componere,
878 1437 929 1508 ita
955 1436 1078 1508 omnia
1102 1435 1248 1532 proprio
1266 1462 1333 1509 suo

279 1563 493 1648 argumento
520 1552 687 1638 intexuit,
707 1561 750 1624 ut
775 1554 837 1624 vix
865 1552 1082 1646 cogitatione
1108 1553 1187 1648 ipsa
1213 1553 1334 1626 divelli

277 1675 315 1740 et
332 1669 477 1742 seorsim
497 1669 592 1741 sumi
611 1668 760 1763 possint.
815 1669 885 1740 Sed
909 1669 988 1764 ipsa
1011 1669 1088 1742 haec
1105 1668 1275 1764 Episodio
1292 1693 1335 1742 ac

276 1785 396 1883 primo
421 1810 464 1857 ea
482 1809 562 1880 quae
588 1786 626 1856 in
645 1785 756 1856 Iliade
782 1786 905 1858 locum
932 1786 1066 1858 babent
1093 1785 1187 1858 sacili
1211 1787 1333 1858 labore

277 1903 519 1998 percurrenda
536 1913 634 1974 sunt.

327 2018 471 2090 Primus
490 2019 610 2115 itaque
628 2017 735 2091 Liber
752 2028 788 2090 et
807 2020 956 2092 secundi
974 2043 1106 2114 magna
1122 2044 1205 2116 pars
1223 2019 1331 2092 vehe-

277 2133 392 2205 menti
402 2135 545 2206 actione
558 2135 707 2208 servent.
733 2135 896 2207 Tandem
907 2136 1014 2208 rebus
1028 2136 1142 2232 magis
1153 2138 1332 2234 composi·

277 2250 324 2321 tis
343 2249 388 2322 ad
406 2251 603 2323 ornandam
618 2253 864 2324 narrationem
879 2277 982 2324 suam
1001 2277 1039 2324 se
1056 2253 1195 2326 confert
1209 2253 1330 2340 Poeta,

277 2372 386 2461 atque
403 2365 532 2439 exinde
551 2369 588 2439 in
606 2370 757 2464 longum
770 2368 996 2465 Episodium‚
1019 2371 1115 2465 quod
1135 2368 1332 2468 Catalogus

277 2482 495 2570 inscribitur,
509 2484 696 2556 delabitur.
727 2484 771 2556 In
785 2486 855 2559 hoc
868 2485 1041 2582 Episodio
1055 2511 1171 2582 perse
1184 2499 1331 2584 sumpto

276 2600 554 2695 pretiosissimas
581 2602 755 2675 habemus
779 2605 937 2700 antiquae
965 2603 1224 2701 Geographiere
1248 2608 1330 2679 reli-

276 2715 389 2812 quias.
445 2717 663 2789 Habuerunt
694 2717 811 2792 Graeci
846 2719 1003 2792 soientiae
1038 2720 1148 2817 hujus
1178 2746 1259 2818 quae
1293 2723 1330 2796 in

276 2833 377 2906 omni
394 2833 470 2906 vita
487 2845 631 2906 tantum
649 2836 746 2908 valet
764 2836 878 2908 initia.
933 2837 1081 2909 Habent
1103 2839 1239 2934 posteri
1256 2865 1330 2914 non

278 2951 399 3022 solum
416 2953 578 3024 locorum
604 2953 752 3025 nomina
779 2952 841 3026 scd
869 2955 1057 3050 regionum
1083 2956 1191 3027 etiam
1215 2958 1329 3030 diver-

277 3067 402 3138 sitates
424 3075 458 3139 et
484 3071 795 3164 opportunitates:
823 3070 1104 3167 interponuntur
1121 3097 1194 3145 non
1214 3099 1330 3169 pauca

276 3183 406 3254 veteris
425 3183 583 3256 historiae
602 3199 838 3260 monumenta
856 3211 974 3279 neque
991 3188 1078 3261 levis
1095 3214 1328 3284 personarum

275 3309 313 3370 et
332 3306 530 3373 eventuum
549 3303 734 3376 momoria.
791 3303 980 3377 Habemus
998 3305 1151 3402 denique
1173 3306 1328 3404 antiquae

277 3413 427 3489 Graeciae
467 3418 628 3489 tabulam
669 3421 766 3492 unde
802 3419 1084 3494 Homericorum
1123 3435 1328 3522 temporum

274 3533 473 3628 pleniorem
492 3534 659 3606 notitiam
686 3559 853 3608 eruamus
875 3546 984 3634 atque
1008 3563 1052 3610 ex
1070 3539 1139 3612 hoo
1162 3542 1327 3637 exemplo

275 3649 320 3720 de
343 3649 579 3721 humanitatis
605 3661 641 3722 et
668 3651 830 3725 cultioris
848 3653 931 3724 vitae
957 3653 1169 3728 rudimentis
1197 3657 1327 3730 certius

268 3764 447 3859 judicium
478 3766 663 3855 suciamus,
696 3776 805 3864 atque
837 3770 915 3844 haec
944 3783 1039 3844 certe
1069 3783 1325 3868 magnasunt,

272 3905 342 3972 nec
371 3907 456 3954 vero
485 3896 620 3956 temere
650 3893 687 3957 et
719 3884 843 3980 inepte
878 3887 1135 3983 interjicienda.
1201 3890 1327 3986 Itnque

272 3998 370 4092 apud
391 3997 594 4072 Homerum
621 4001 839 4096 explicandae
858 4014 893 4076 et
920 4007 1094 4101 augendae
1107 4006 1236 4080 fabulae
1253 4031 1327 4080 suae

271 4113 434 4206 proxime
453 4116 664 4189 inserviunt.
714 4117 766 4188 Eo
785 4143 841 4190 res
860 4121 1013 4193 deventa
1031 4129 1107 4196 erat
1124 4135 1166 4194 ut
1186 4123 1324 4196 Graeco-

610 4347 620 4377 ‘¹
642 4351 769 4407 Aristot.
784 4351 881 4424 Poet,
898 4373 924 4412 c.
943 4373 989 4429 ²3·
