3058 4908
277 303 343 368 254
540 313 754 364 remmono
773 311 1073 374 nactur-curram.

181 499 184 506 ·
276 463 316 536 in
335 460 405 536 hoc
429 467 564 536 eventu
588 469 687 536 certe
711 463 758 536 ad
783 485 930 536 causam
951 461 1044 536 tanti
1070 461 1156 534 belli
1181 485 1221 535 se
1246 487 1332 536 con·

276 579 386 652 vertit
403 579 527 666 Poeta,
546 604 616 653 nec
632 605 718 653 vero
741 604 817 654 non
842 580 937 653 hanc
953 579 1038 652 belli
1063 579 1280 677 particulam
1295 589 1333 654 et

277 696 456 770 Achillem
473 722 583 771 suum
600 697 756 796 respicit.
792 697 894 770 Illius
911 697 1076 770 absentia
1087 699 1166 793 jam
1184 696 1330 770 minori-

276 811 346 886 bus
374 813 537 909 personis
566 816 689 888 locum
715 821 753 888 et
779 814 910 909 agendi
936 816 1080 910 copiam
1107 814 1180 888 dat.
1234 813 1332 886 Hinc

277 928 395 1003 Paridi
418 930 559 1004 occasio
576 932 684 1004 datur
705 931 743 1003 in
760 930 925 1027 praelium
941 930 1119 1026 Trojanos
1142 931 1328 1024 educendi,

277 1057 314 1120 et
331 1047 500 1120 Menelao
517 1046 555 1119 in
574 1046 688 1142 prima
705 1048 780 1121 acie
798 1071 836 1120 se
853 1045 1078 1121 ostendendi.
1126 1047 1268 1120 Eodem
1285 1048 1330 1119 de

278 1165 377 1237 sonte
394 1164 505 1237 habes
523 1165 585 1238 illa
601 1166 732 1261 quibus
753 1165 909 1238 breviter
925 1175 1035 1262 atque
1061 1166 1244 1261 eleganter
1259 1165 1331 1260 pri-

277 1305 397 1354 mores
416 1281 627 1355 Graecorum
645 1283 816 1356 describit
833 1284 983 1356 Helena.
1036 1282 1128 1354 Mox
1154 1305 1247 1377 opus
1264 1280 1332 1354 erit

278 1399 503 1494 singulorum
522 1398 675 1472 summis
693 1399 829 1472 viribus
846 1408 882 1472 et
899 1399 997 1471 varia
1015 1397 1294 1471 concertatione.

329 1514 371 1587 L.
390 1518 427 1588 4.
457 1516 670 1589 Habebatur
695 1526 819 1589 eutem
845 1516 982 1590 Paridis
1011 1523 1050 1588 et
1075 1514 1235 1587 Menelai
1260 1513 1332 1586 sin-

278 1634 403 1727 gulare
428 1639 612 1707 certamen
638 1659 712 1707 non
731 1634 808 1707 sine
834 1634 973 1708 solenni
990 1633 1125 1706 soedere
1143 1642 1180 1705 et
1204 1639 1334 1704 mutua

279 1749 372 1834 fide;
403 1773 484 1845 qnae
514 1751 624 1846 igitur
653 1753 744 1825 fides
771 1750 939 1824 violanda
963 1761 1029 1836 est,
1059 1774 1104 1823 ne
1134 1747 1216 1822 finis
1239 1749 1332 1821 bello

279 1871 344 1938 aut
360 1849 473 1940 mora'
486 1867 708 1965 imponatur,
728 1876 838 1966 atque
863 1871 962 1942 hunc
987 1868 1025 1939 in
1042 1867 1153 1940 finem
1179 1863 1331 1939 artificio

278 2006 353 2055 non
369 1992 466 2056 caret
484 1983 668 2058 Homerus
693 2010 738 2059 ex
765 1987 915 2083 perfidia
940 1986 1096 2058 deducto
1115 2008 1225 2080 quam
1241 1982 1333 2054 ‘iro-

279 2100 375 2195 janis
400 2109 438 2172 et
463 2101 603 2176 caeteris
624 2103 803 2199 peregrini
828 2102 1013 2198 sanguinis
1038 2101 1182 2198 p‘opulis
1197 2099 1334 2172 tribue-

281 2216 370 2288 bant
405 2215 534 2306 Graeci,
566 2221 654 2315 quin
687 2231 724 2293 et
759 2221 892 2293 iterum
925 2218 1045 2292 Deum
1080 2215 1261 2290 vindicem
1294 2215 1332 2288 in

281 2357 428 2408 scenam
445 2336 593 2431 profert.
646 2337 840 2412 Menelaus
865 2337 987 2434 itaque
1006 2338 1084 2433 jam
1099 2337 1220 2409 victor
1236 2334 1336 2407 Pari-

280 2452 337 2525 dis
353 2451 435 2525 telis
459 2455 598 2548 petitur
625 2465 661 2529 et
680 2457 898 2528 vulneraturi
951 2455 1106 2549 Jamque
1132 2451 1336 2525 iterumad

279 2563 380 2642 arma
405 2571 645 2666 concurritur,
675 2579 712 2645 et
738 2573 981 2666 redintegrato
1006 2571 1172 2643 tumultu
1198 2568 1336 2642 servent

281 2685 414 2760 omnic.
446 2685 584 2760 Iterum
599 2713 744 2786 qnoque
761 2689 895 2784 singuli
912 2688 986 2761 lere
999 2686 1212 2760 Groecorum
1225 2685 1336 2758 duces

281 2825 320 2875 se
337 2805 547 2891 ostendunt,
568 2805 655 2878 dum
673 2805 788 2902 magis
814 2816 878 2878 ant
904 2805 1025 2878 minus
1048 2805 1121 2876 acri
1138 2803 1260 2876 studio
1277 2827 1336 2874 co-

280 2919 359 3014 pias
377 2943 461 2993 suas
479 2923 524 2994 ad
541 2923 679 2996 bellum
695 2921 894 3011 instruunt,
907 2933 1016 3019 atque
1032 2921 1166 2994 idcirco
1179 2919 1336 3017 Impera·

281 3035 369 3107 toris
387 3037 494 3110 lande
512 3048 576 3112 aut
590 3037 770 3136 vituperio
783 3048 970 3126 notentur,
984 3039 1085 3112 nulla
1101 3037 1199 3109 enim
1211 3037 1337 3108 nnius·

280 3153 458 3248 cujusque
474 3152 594 3228 virtus
611 3157 792 3232 intentata
810 3159 887 3254 jam
902 3158 1014 3229 latere
1031 3163 1165 3251 potest,
1184 3151 1221 3224 in
1240 3152 1337 3226 hisce

279 3268 428 3362 agendis
455 3276 492 3342 et
518 3271 556 3343 in
574 3275 682 3368 primi
708 3298 909 3348 concursus
933 3273 1074 3370 impetu
1090 3275 1256 3343 versatur
1273 3269 1338 3340 4³¹·

281 3383 416 3459 Iliados
433 3386 550 3461 Liber.

330 3501 373 3575 L.
392 3505 424 3575 5.
446 3504 536 3578 Tres
550 3505 782 3607 insequentes
799 3509 953 3605 primam
965 3529 1127 3603 pugnam
1141 3503 1335 3578 declarant.

280 3617 474 3702 Diomedes
501 3623 628 3697 ardore
656 3625 766 3697 animi
793 3637 831 3699 et
860 3625 994 3698 virtute
1026 3620 1180 3694 Hernico
1206 3618 1338 3693 Achilli

279 3737 469 3833 proximus
486 3763 561 3836 prae
582 3740 722 3814 ceteris
746 3743 977 3840 conspicitur.
1030 3738 1133 3812 Illius
1150 3761 1207 3810 res
1224 3749 1337 3832 geste

184 3937 192 3944 ,
279 3860 401 3928 totum
415 3857 488 3929 lere
501 3857 652 3931 Librum
670 3861 866 3957 complent,
881 3859 950 3933 nisi
964 3867 1143 3956 quatenus
1155 3854 1336 3928 variandae

279 3969 330 4042 rei
347 3995 456 4047 causa
477 3974 522 4047 ad
546 3974 635 4049 alios
658 3978 928 4052 transcurritur.
981 3976 1120 4049 AEneas
1142 3983 1179 4047 et
1198 3971 1337 4046 Hector

279 4086 413 4162 trustra
442 4113 481 4164 se
514 4100 641 4166 contra
670 4102 865 4183 exercent;
896 4096 943 4168 ad
973 4115 1153 4168 summam
1181 4089 1337 4186 denique

280 4199 494 4280 Graecorum
528 4209 717 4307 disciplina
753 4218 791 4285 et
824 4237 909 4286 vera
942 4211 1059 4285 virtus
1092 4207 1335 4303 Trojanorum

279 4319 402 4393 minus
419 4327 627 4418 temperatae
645 4327 785 4402 ferociae
798 4353 843 4403 ex
857 4330 1008 4404 adverso
1024 4324 1242 4423 opponitur:
1280 4321 1336 4395 hic
