3058 4908
462 379 675 429 efflrrcrro
694 381 991 442 necrus-curura.
1183 373 1246 439 261

199 527 237 602 in
254 553 416 627 pugnam
432 528 681 603 immittuntur
699 537 735 603 et
760 556 805 604 ex
822 531 890 606 hac
915 538 979 606 aut
1004 531 1065 606 illa
1089 539 1192 631 parte
1210 559 1248 608 se

199 644 433 720 distribuunt.
487 646 620 720 Achilli
640 648 822 745 paulisper
839 649 906 723 iter
923 650 1080 724 obstruit
1096 652 1247 740 AEneaS,

198 762 255 836 vir
271 763 380 838 etiam
403 764 448 838 ab
469 764 574 837 hoste
591 765 911 864 venerandus,'qui
937 778 1057 841 tamen
1078 792 1152 841 non
1173 768 1249 841 sine

197 878 365 980 Neptuni
391 879 523 954 auxilio
554 892 726 955 servatur.
781 883 938 958 Hectora
967 884 1074 982 eripit
1100 886 1246 982 Apollo,

199 995 400 1096 Polydorus
418 997 549 1072 Priami
569 999 666 1074 filius
684 999 777 1073 ferro
800 999 896 1074 cadit
919 1007 957 1074 et
977 1028 1063 1076 mox
1080 1002 1248 1100 Trojano·

198 1139 282 1188 rum
299 1114 424 1212 ingens
441 1117 562 1191 turba.

250 1231 291 1304 L.
312 1234 370 1305 21.
400 1233 600 1331 insequens
617 1232 726 1307 Liber
743 1235 895 1310 effusam
918 1234 1028 1308 habet
1052 1227 1249 1309 eorundem

199 1347 323 1445 fugam
349 1360 385 1423 et
410 1375 543 1424 novam
568 1353 703 1424 caedem
728 1352 766 1424 in
792 1353 872 1449 ipso
897 1351 1055 1425 flumine.
1108 1351 1250 1426 Interea

199 1465 315 1539 rabies
341 1467 495 1541 Achillia
523 1477 560 1541 et
587 1468 755 1542 efferatus
789 1469 943 1556 animoa,
973 1469 1003 1542 si
1032 1469 1124 1544 forte
1152 1470 1248 1567 quis·

199 1583 295 1680 piam
330 1591 415 1658 ante
447 1585 557 1682 pedes
592 1586 669 1681 ejus
713 1587 865 1682 supplex
900 1585 1105 1682 prociderit,
1140 1587 1249 1660 vehe-

198 1705 340 1774 menter
370 1725 408 1775 se
438 1703 579 1799 prodit:
613 1702 776 1800 sequitur
804 1703 1005 1799 periculum
1032 1702 1189 1778 Achillis'
1210 1705 1249 1777 in

199 1817 362 1907 flumine,
384 1828 421 1893 et
447 1820 493 1892 ad
520 1819 745 1917 eripiendum
771 1845 856 1894 eum
882 1819 1056 1918 Neptuni,
1079 1820 1248 1909 Junonis,

199 1934 375 2011 Minervae
400 1947 437 2011 et
453 1937 610 2011 Vulcani
636 1937 820 2028 auxilium,
840 1964 926 2013 mox
952 1939 1061 2013 etiam
1086 1939 1248 2013 Deorum

198 2053 262 2149 qui
279 2077 323 2126 ex
336 2039 576 2150 Trojanorum
594 2053 755 2152 partibus
774 2056 916 2128 stabant
930 2055 1015 2153 fuga
1028 2067 1064 2128 et
1078 2057 1245 2143 dedecuS,

198 2175 280 2243 tum
299 2169 431 2244 Priami
457 2195 544 2245 cura
568 2171 606 2244 in
630 2169 840 2268 recipiendis
864 2173 961 2245 intra
981 2173 1108 2245 urbem
1135 2171 1247 2269 copiis

199 2291 275 2362 suis
293 2289 383 2363 dum
400 2289 549 2386 Agenor
565 2295 602 2362 et
619 2291 751 2387 Apollo
769 2290 952 2364 Achillem
971 2299 1169 2364 morantur.

249 2405 292 2480 L.
313 2408 372 2480 22.
399 2408 564 2481 Tandem
581 2407 774 2504 aliquando
791 2409 969 2506 explenda
985 2414 1041 2480 est
1057 2408 1120 2479 illa
1137 2431 1248 2503 quam

200 2523 263 2597 diu
281 2525 487 2599 saevientem
506 2523 661 2598 vidimus
679 2524 830 2599 Achillis
847 2525 973 2598 rabies.
1016 2523 1144 2596 Caeteri
1162 2522 1247 2596 Tro-

195 2639 273 2738 jani
298 2641 394 2714 intra
420 2642 546 2714 urbem
573 2643 851 2737 compelluntur.
904 2641 1026 2713 Pudor
1051 2641 1184 2728 tamen,
1211 2646 1249 2713 et

199 2758 355 2832 recentis
385 2758 558 2856 triumphi
588 2765 625 2832 et
655 2758 773 2832 nimiae
802 2782 881 2831 suae
912 2757 1143 2830 exultationis
1173 2781 1247 2830 me-

198 2876 316 2949 moria
350 2876 510 2950 Hectora
544 2883 645 2950 extra
678 2900 801 2948 muros
837 2873 1027 2949 detinent.¹
1073 2861 1248 2946 Adventu

199 2991 353 3066 Achillis
379 2992 416 3066 in
434 2993 556 3088 sugam
574 3018 613 3067 se
637 2991 801 3091 proripit,
822 3017 907 3066 mox
924 2992 1099 3065 Minervae
1122 2991 1248 3064 fraude

197 3108 238 3183 iu
261 3134 421 3207 pugnam
442 3133 480 3182 se
502 3110 667 3207 accingit,
684 3118 721 3185 et
739 3112 886 3185 tandem
903 3112 942 3184 in
960 3112 1030 3184 hoc
1051 3109 1247 3183 certamine

199 3227 307 3316 cadit,
326 3233 512 3324 utcunque
537 3227 593 3301 vir
618 3239 786 3303 strenuus
812 3234 921 3326 atquc
947 3228 1073 3301 audax¹
1095 3227 1249 3324 “impar

198 3351 322 3418 tamen
355 3367 568 3440 congressus
598 3345 767 3418 Achilli.''
819 3345 902 3419 Neo
934 3370 1020 3418 vero
1054 3343 1248 3440 quicquam

199 3463 300 3536 deest
328 3463 427 3559 quod
460 3461 554 3536 hanc
587 3487 664 3536 rem
698 3468 837 3560 augeat.
865 3515 866 3520 ,
890 3463 987 3536 Hinc
1016 3461 1182 3534 Priamus
1212 3470 1249 3534 et

198 3579 354 3652 Hecuba
371 3590 456 3653 ante
478 3582 646 3677 pugnam
657 3580 817 3655 Hectora
833 3592 908 3655 tam
930 3580 1062 3653 obnixe
1074 3585 1077 3592 ’
1088 3587 1194 3651 orant
1211 3588 1249 3651 et

198 3695 427 3770 miserantur.
469 3697 567 3771 Hinc
584 3699 777 3771 eorundem
795 3704 831 3770 et
850 3696 1120 3771 Andromaches
1137 3696 1247 3768 etiam

199 3821 284 3911 post
311 3826 465 3889 mortem
493 3816 569 3912 ejus
596 3815 753 3888 luctuosi
778 3816 959 3911 planctus
985 3815 1071 3886 hinc
1095 3813 1248 3909 denique

196 3932 302 4007 Jovis
329 3932 444 4030 ipsius
474 3930 728 4020 misericordia,
757 3932 840 4005 hinc
867 3932 978 4005 etiam
1006 3930 1067 4004 illa
1095 3954 1176 4028 quae
1203 3929 1249 4002 ad

198 4049 485 4148 triumphantem
503 4051 664 4126 Hectora
680 4075 747 4124 nos
764 4049 953 4123 remittunt
967 4081 1028 4122 :-

348 4191 387 4248 *Ω
400 4197 490 4264 πόποι,
504 4193 520 4263 ἦ
533 4197 604 4266 pulsu
619 4195 649 4264 δὴ
662 4195 844 4266 μαλακώτερος
858 4166 1053 4266 ἀμφαφάασθαι

353 4291 456 4366 Ἕκτωρ
469 4293 485 4364 ἢ
499 4294 542 4350 ὅτε
555 4295 615 4364 νῆας
629 4293 769 4364 ἐνέπρησεν
781 4295 844 4365 πυρὶ
857 4293 940 4367 κηλέῳ
948 4297 966 4358 ¹,

608 4436 616 4458 ¹
637 4426 679 4486 ll·
695 4439 726 4486 x·
742 4445 806 4506 373-
