3096 4886
224 1095 578 1251 remansero
618 1073 809 1244 ratur
850 1153 1277 1254 maneamus.

284 1597 552 1686 UANQUAM
579 1599 671 1673 nihil
700 1599 790 1673 mihi
822 1597 1122 1673 honorificentius
1157 1600 1280 1696 potuit

308 1717 504 1813 obtingere,
533 1741 644 1814 quarn
674 1721 717 1790 ut
742 1720 865 1790 vestro
890 1715 1026 1804 favore,
1054 1714 1278 1803 Academici,

221 1829 261 1906 in
278 1831 392 1908 hocce
409 1833 570 1908 officium
593 1839 795 1930 cooptarer,
815 1833 993 1906 tamenin
1010 1855 1054 1906 eo
1071 1857 1146 1906 non
1163 1857 1280 1930 pauca

222 1955 322 2040 sunt,
341 1973 423 2048 quae
439 1973 497 2024 me
509 1949 708 2024 sollicitum
725 1948 873 2022 habent.
915 1946 1041 2022 Sentio
1055 1947 1152 2021 enim
1170 1973 1279 2046 quam

221 2065 403 2141 lubricum
428 2069 475 2142 sit
502 2068 547 2141 de
573 2092 612 2142 re
637 2069 782 2166 poetica
814 2089 899 2140 vere
925 2072 962 2140 et
991 2071 1159 2140 accurate
1180 2067 1279 2164 judi.

222 2205 315 2272 care,
334 2183 469 2282 quippe
486 2183 549 2281 qui
566 2183 602 2256 id
620 2184 710 2257 mihi
726 2207 940 2281 persuasum
958 2183 1122 2270 habeam,
1139 2184 1179 2258 in
1196 2184 1278 2258 uni-

221 2323 327 2374 versa
353 2300 579 2375 Academicae
605 2299 801 2398 disciplinae
827 2298 977 2388 ratione,
1005 2299 1067 2374 vix
1098 2299 1196 2376 aliud
1223 2304 1279 2374 in-

221 2416 335 2492 veniri
351 2441 458 2514 posse
475 2418 534 2491 eui
551 2416 750 2515 impensior
758 2439 847 2492 cura
863 2417 1068 2491 adhibenda
1085 2416 1144 2492 sit.
1181 2418 1279 2492 Tum

221 2539 344 2607 autem
366 2532 410 2608 iis
433 2533 533 2631 ipsis,
553 2533 616 2632 qui
641 2533 852 2607 facultatem
875 2533 970 2608 hanc
996 2535 1154 2608 assecuti
1179 2539 1277 2620 sunt,

220 2651 502 2748 haudquaquam
520 2652 559 2724 in
575 2658 750 2750 promptu
767 2656 824 2724 est
847 2650 925 2726 aliis
950 2652 1101 2726 eandem
1125 2652 1276 2740 tradere,

220 2779 258 2844 et
283 2767 461 2867 principio
486 2767 574 2842 artis
604 2791 679 2842 suae
710 2768 914 2842 luculenter
948 2793 1140 2865 exponere.
1192 2768 1278 2864 Ipsa

219 2912 328 2985 porro
350 2885 401 2960 rei
425 2886 639 2983 magnitudo
662 2890 700 2959 et
723 2885 880 2980 dignitas
897 2907 1037 2958 moram
1059 2884 1158 2959 facit.
1212 2885 1277 2958 Et-

219 3004 315 3078 enim
332 3002 492 3077 instituti
510 3002 620 3101 hujus
637 3001 728 3076 ratio
747 3002 856 3076 latius
872 3007 997 3100 patere
1014 3000 1104 3076 mihi
1121 3000 1274 3092 videtur,

219 3141 337 3216 neque
352 3119 391 3192 in
407 3117 470 3191 illo
488 3126 634 3193 tantum
647 3118 857 3216 consistere,
872 3127 912 3194 ut
930 3120 1142 3196 facultatem
1160 3144 1275 3218 quan·

218 3235 304 3309 dam
326 3241 391 3310 aut
413 3243 529 3310 artem
552 3259 797 3333 assequamur,
816 3237 879 3309 sed
905 3261 949 3311 eo
971 3261 1087 3334 usque
1112 3236 1212 3324 eniti,
1232 3249 1274 3312 ut

212 3350 390 3448 juventus
406 3352 634 3439 Academica,
652 3353 872 3449 praeleetoris
886 3352 943 3426 sui
960 3353 1120 3427 consiliis
1135 3355 1272 3450 adjuta,

218 3478 378 3544 mentem
396 3467 602 3544 humaniori
618 3467 808 3566 disciplina
826 3471 1014 3543 subactam
1032 3470 1071 3542 in
1094 3493 1213 3544 mores
1237 3482 1275 3547 ct

217 3585 256 3662 in
272 3585 386 3662 vitam
403 3611 549 3662 omnem
566 3587 682 3683 possit
704 3585 909 3661 transferre.
961 3586 1041 3661 Nec
1067 3610 1150 3661 sum
1174 3587 1274 3684 igna-

217 3729 282 3780 rus
299 3711 435 3802 quanta
451 3703 539 3779 olim
557 3702 721 3779 omnium
738 3705 909 3778 ordinum
921 3702 1123 3800 frequentia
1138 3727 1273 3778 munus

217 3821 330 3897 hocce
346 3822 563 3896 celebratum
581 3829 648 3908 est,
668 3845 778 3917 quam
796 3819 886 3893 illud
903 3817 1202 3916 gravissimorum
1218 3822 1273 3895 vi·

216 3963 343 4014 rorum
369 3911 532 4012 doctrina
554 3942 592 4011 et
617 3937 739 4012 studio
765 3942 1002 4011 exornatum:
1030 3936 1119 4009 adeo
1144 3943 1188 4012 ut
1211 3963 1272 4013 ve-

216 4055 371 4129 rendum
400 4055 460 4144 sit,
491 4077 538 4127 ne
567 4053 627 4126 vel
651 4075 729 4126 rem
755 4053 872 4150 ipsam
900 4053 957 4126 vel
987 4051 1148 4127 officium
1181 4053 1273 4128 mihi

217 4172 376 4246 delatum
394 4195 459 4269 per
484 4195 542 4245 me
568 4169 798 4245 dehonestari
825 4171 952 4244 sinam.
1008 4169 1103 4255 Quae
1124 4171 1271 4268 quidem

217 4287 339 4364 omnia
371 4313 457 4364 cnm
486 4311 654 4374 menon
686 4285 914 4362 mediocriter
948 4285 1154 4378 sollicitant,
1190 4293 1272 4360 tum

733 4425 755 4476 s
