3058 4908
1205 272 1221 298 ἱ

1226 306 1235 325 a

343 1041 694 1139 PRAELEOTIO
738 1046 1263 1139 DECIMA-SEPTIMA.

680 1295 960 1308 *-

332 1461 447 1534 UAM
473 1463 510 1533 in
538 1461 763 1534 recensendis
780 1460 914 1533 Iliados
940 1467 978 1533 et
1003 1459 1174 1556 Odysseae
1201 1461 1336 1535 fabulis

356 1603 502 1674 operam
520 1579 708 1674 posuimus
726 1578 889 1651 nondum
904 1580 1008 1674 plene
1024 1579 1194 1651 instituto
1208 1587 1335 1653 nostro

275 1695 458 1783 satisfacit,
478 1703 564 1767 sunt
582 1697 679 1767 enim
697 1719 777 1792 quae
803 1721 848 1768 ex
874 1695 1052 1768 industria
1069 1705 1107 1768 et
1133 1697 1335 1770 necessario

274 1813 383 1885 alium
417 1813 455 1884 in
490 1815 613 1885 locum
647 1813 906 1907 ablegavimus.
960 1811 1061 1884 Dum
1095 1813 1133 1884 in
1164 1814 1334 1886 universa

275 1928 393 2025 operis
411 1928 501 2002 serie
519 1939 556 2001 et
580 1951 708 2001 norma
731 1928 914 2001 immorati
940 1953 1079 2014 sumus,
1099 1929 1257 2025 partium
1275 1955 1334 2003 or-

275 2046 398 2118 dinem
421 2051 458 2117 et
483 2044 749 2140 colligationem
768 2043 873 2116 unice
898 2045 1163 2139 spectavimus:
1192 2052 1335 2119 atvero

275 2161 445 2258 Episodia
475 2185 556 2254 quae
585 2167 720 2234 vocant
749 2161 871 2256 ipsum
902 2161 1000 2233 hunc
1030 2159 1194 2233 ordinem
1225 2162 1334 2236 inter-

275 2281 412 2375 pellant
436 2289 472 2351 et
499 2303 592 2351 nexu
615 2277 735 2349 minus
762 2287 862 2349 arcto
885 2278 932 2349 ad
956 2283 1080 2349 totum
1105 2301 1198 2373 opus
1223 2281 1335 2374 perti·

274 2401 376 2468 nent.
431 2395 538 2466 Hanc
568 2394 665 2466 enirn
696 2393 881 2466 licentiam
910 2378 947 2465 el
977 2391 1160 2466 Homerus
1191 2395 1268 2491 ipse
1297 2408 1334 2470 et

274 2511 393 2584 caeteri
421 2512 484 2606 qui
514 2535 614 2582 eum=
628 2509 742 2582 secuti
771 2519 858 2581 sunt
886 2533 960 2580 non
991 2507 1238 2604 infrequenter
1264 2513 1334 2584 sibi

273 2646 526 2741 permiserunt,
564 2645 638 2716 imo
673 2644 719 2715 ad
753 2642 903 2738 Epicum
936 2642 1064 2737 poesin
1097 2629 1335 2730 πολυμύθιαν

273 2762 455 2858 quandam
480 2761 628 2858 proprio
649 2761 731 2855 jure
757 2761 934 2855 pertinere
961 2757 1128 2831 arbitrati
1153 2763 1253 2842 sunt,
1277 2769 1332 2830 at-

272 2903 343 2975 que
361 2879 430 2951 hac
455 2878 533 2973 ipsa
557 2902 596 2949 re
613 2877 768 2973 Epicum
794 2883 953 2971 systema
970 2900 991 2948 a
1007 2874 1161 2971 Tragico
1188 2875 1332 2947 differre

158 3077 165 3086 ,
272 3007 523 3103 pronuntiavit
543 2992 1022 3077 Aristoteles-emolat»
1047 2999 1089 3073 δε
1113 2993 1214 3096 λέγω
1245 2991 1330 3097 (σύ-

271 3121 414 3226 στημα)
447 3122 490 3204 τὸ
518 3122 737 3223 πολύμυθον
747 3127 769 3204 ².
823 3132 968 3205 Etenim
998 3133 1036 3205 in
1066 3135 1175 3227 longa
1206 3156 1329 3205 rerum

273 3248 362 3322 serie
391 3249 638 3322 remissionem
663 3257 701 3321 et
728 3251 975 3321 laxamentum
1001 3249 1071 3321 sibi
1097 3247 1226 3344 quaerit
1253 3250 1332 3322 ani-

273 3391 355 3439 mus
373 3376 409 3440 et
431 3367 598 3439 lubenter
615 3364 766 3438 Poetam
790 3387 981 3437 excurrere
1003 3371 1042 3437 et
1067 3365 1215 3462 spatiari
1232 3365 1330 3452 sinit,

272 3484 383 3555 modo
400 3482 504 3555 facile
530 3506 573 3554 eo
597 3482 694 3553 unde
721 3481 848 3553 abierit
874 3489 1076 3554 revertatur
1092 3487 1130 3554 el
1155 3479 1332 3554 intermis-

272 3625 354 3674 sum
372 3624 465 3697 opus
484 3608 633 3696 repetat.
687 3599 731 3670 ln
752 3598 832 3694 ipso
858 3600 921 3671 illo
940 3599 1061 3672 studio
1080 3623 1153 3694 quo
1176 3600 1222 3672 ad
1239 3599 1332 3670 ordi·

271 3741 355 3789 nem
382 3726 420 3788 et
443 3717 715 3812 simplicitatem
740 3715 954 3787 deducimur
970 3715 1183 3787 varietatem
1206 3722 1330 3786 tamen

269 3832 498 3931 requirimus.
551 3832 654 3904 Artis
688 3837 745 3903 est
772 3839 967 3926 utramque
1001 3855 1079 3903 rem
1113 3855 1331 3927 componere

270 3956 308 4022 el
325 3951 433 4022 simul
449 3948 638 4044 attingere.
688 3947 808 4020 Etiam
825 3947 863 4018 in
882 3947 1050 4020 severiori
1067 3947 1227 4042 Tragicae
1244 3971 1330 4044 poe-

269 4090 351 4139 seos
372 4091 499 4139 norma
524 4091 604 4162 quae
630 4063 833 4137 auditorem
854 4065 968 4158 magis
994 4070 1178 4136 attentum
1205 4075 1242 4137 et
1266 4065 1329 4136 de-

270 4181 384 4252 fixum
397 4183 527 4277 poscit,
542 4207 608 4254 sua
625 4181 816 4254 intervalla
833 4189 871 4252 et
884 4181 1052 4253 Actionis
1070 4203 1209 4253 moram
1223 4179 1329 4252 habet

681 4376 694 4403 ¹
713 4367 808 4436 Poet,
827 4385 852 4424 c.
873 4369 916 4424 18.
