3058 4902
546 271 760 320 raarnorro
787 273 966 322 rrcnsrrrn.
1219 261 1284 325 343

229 447 303 510 sua,
324 447 396 519 quo
414 446 499 493 eum
516 423 554 492 in
572 423 737 517 praelium
755 421 941 508 emittunt,
961 421 1121 493 moribus
1144 422 1222 517 ejus
1247 426 1284 492 et

226 539 428 614 conditioni
446 539 668 612 conveniunt
681 563 743 610 :—

463 722 502 730 -
519 693 561 746 c’rri
576 687 600 746 d'
617 691 782 764 ἐγδούπησαν
794 691 915 762 Ἀθηναίη
929 715 958 747 τε
972 695 1013 749 καὶ
1022 692 1103 765 Ἤρη.

385 793 504 855 Τιμῶσοι
517 790 635 856 βασιλῆα
647 787 829 860 πολυχρύσοιο
842 787 985 858 Μυνήνης“.

224 915 368 987 Rursus
385 914 541 988 Achillis
559 914 677 1010 gravis
694 921 732 987 et
750 913 863 988 tristis
888 914 1072 988 iracundia
1088 913 1126 986 in
1143 914 1281 1012 lachry-

224 1033 294 1105 mis
313 1032 392 1128 ejus
418 1044 457 1104 et
484 1033 681 1105 solitudine
706 1031 938 1130 conspicitur.
991 1033 1048 1104 En
1065 1032 1141 1106 veri
1161 1034 1281 1105 luctus

224 1149 417 1244 imaginem
433 1155 494 1220 !—

580 1281 620 1290 -
635 1254 721 1324 Αὐτὰρ
735 1252 875 1323 Ἀχιλλεὺς

382 1448 436 1502 θη
457 1449 465 1468 ε
490 1446 496 1466 ι
655 1451 666 1462 ι
746 1451 752 1468 ι
810 1449 816 1467 ι
837 1451 843 1467 ι
875 1445 886 1468 ν
992 1453 998 1468 ι
1067 1441 1076 1474 ί

406 1471 429 1502 ιν
452 1450 488 1519 εφ
512 1448 576 1504 ἁλὸς
589 1450 690 1517 πολιηε,
706 1450 789 1521 ὁροων
803 1471 846 1503 επι
859 1470 950 1502 οινοπο
964 1469 1058 1503 ποντον
1076 1486 1083 1500 .

223 1573 317 1646 Mox
335 1573 517 1646 diversum
541 1573 595 1645 illi
615 1575 738 1647 locum
756 1573 914 1648 destinat
938 1581 1057 1671 poeta,
1076 1579 1113 1646 et
1139 1597 1183 1646 ex
1202 1575 1280 1669 ipso

224 1692 431 1790 spectaculo
450 1692 548 1788 quod
565 1716 686 1765 coram
703 1693 817 1766 oculis
836 1692 966 1765 habere
988 1692 1098 1788 gestit
1116 1690 1279 1764 animum

223 1812 391 1884 vindictae
410 1835 473 1907 spe
492 1817 674 1885 arrectum
692 1812 862 1885 describit
875 1844 936 1885 :—

384 1962 508 2032 Εῖστῖηκει
521 1965 572 2035 γὰρ
586 1965 629 2018 ε’πὶ
640 1962 742 2036 πρύμνῃ
756 1963 893 2034 μεγακητεῖ
907 1959 955 2033 νηΐ,

386 2061 522 2131 Εἶσορόων
534 2057 615 2115 πόνον
627 2060 712 2128 αἷπδν,
729 2061 791 2114 ἶῶκα
805 2082 833 2114 τε
846 2062 1026 2132 δακρυόεσσαν
1032 2065 1054 2112 3.

222 2187 399 2283 Ejusdem
417 2187 522 2258 ardor
539 2186 628 2257 dum
645 2185 824 2259 Vulcania
850 2209 950 2258 arma
974 2183 1110 2282 excipit
1136 2182 1174 2255 in
1199 2205 1278 2254 cor-

224 2327 312 2400 pore
330 2303 440 2376 etiam
458 2325 496 2374 se
512 2301 633 2397 prodit
649 2334 710 2374 :—

584 2459 623 2469 -
638 2430 666 2485 ε’ν
680 2431 710 2485 δι’
721 2431 746 2484 oi
760 2429 828 2484 ὄσσε

382 2528 474 2582 Δεινὸν
488 2527 538 2582 ιἰπδ
551 2527 704 2598 βλεφάρων,
719 2527 783 2580 ὡσεὶ
797 2527 887 2588 oritur,
902 2525 1070 2598 ἐξεφάανθεν·

381 2623 496 2694 Τι’ρπετο
511 2620 533 2676 δ’
548 2623 575 2678 ε’ν
588 2623 727 2694 χείρεσσιν
740 2624 807 2694 ἔχων
820 2622 881 2677 θεοῦ
894 2623 980 2695 ἀγλαὰ
994 2623 1064 2694 δῶρα
1073 2615 1097 2674 ¹¹.

222 2749 313 2823 Mox
332 2750 480 2822 exeunti
496 2747 533 2820 in
551 2749 716 2845 praelium
733 2749 802 2822 alia
819 2748 1031 2822 tribuuntur
1043 2779 1104 2820 :—

382 2904 434 2956 Τοῦ
449 2902 490 2962 καὶ
504 2901 617 2957 ὀδόντων
630 2903 677 2973 μὲν
690 2902 788 2974 καναχὴ
800 2903 874 2958 τελε·
895 2903 931 2956 τὸ
945 2901 973 2956 δι’
987 2901 1013 2955 οἷ
1026 2899 1094 2956 ὅσσε

381 2997 549 3068 Λαμπίσθην,
564 3000 629 3054 ὡσεὶ
641 3021 669 3054 τι
683 3001 763 3072 πνρδε
777 2992 883 3055 σιλοτί.

220 3129 399 3225 Ejusdem
426 3128 601 3202 exultatio
620 3153 692 3224 qua
716 3128 782 3201 filii
808 3127 864 3201 sui
883 3126 1118 3224 Neoptolemi
1143 3127 1276 3199 famam

220 3255 258 3320 et
275 3271 333 3321 res
350 3253 470 3344 gestas
488 3246 590 3319 audit
607 3271 652 3318 ex
669 3246 812 3319 incessu
830 3245 937 3318 etiam
955 3251 1056 3342 patet
1069 3276 1131 3316 :—

457 3425 497 3436 -
511 3397 589 3470 ψυχὴ
604 3398 632 3452 δὲ
646 3399 776 3454 ποδῶκεος
790 3397 911 3453 Αἰακίδαο

378 3495 458 3564 Φοίτρ
472 3497 557 3566 μακρὰ
571 3498 682 3560 βεβῶσα
693 3493 746 3548 κατ’
761 3495 914 3564 ἀσφοδελὸν
927 3496 1040 3560 λειμῶνα

378 3591 522 3662 Γηθοσῦνη,
537 3595 551 3646 ὁ
566 3595 590 3646 οἱ
605 3593 661 3646 οἷὸν
674 3593 741 3662 ἔφην
755 3593 913 3664 ἀριδείκετον
926 3587 990 3648 εἶναι
999 3583 1020 3645 ¹¹.

219 3717 274 3789 Ex
301 3717 380 3813 ipso
406 3718 515 3791 etiam
540 3718 683 3793 incessu
709 3725 811 3815 patet
836 3719 1025 3792 Diomedis
1050 3723 1135 3815 post
1160 3717 1285 3830 incre-⁴

219 3840 347 3929 patum
364 3833 551 3909 Menelum
569 3836 757 3933 pugnandi
774 3836 879 3908 ardor
891 3866 953 3908 :—

285 4057 290 4064 .
377 3989 469 4043 Δεινδν
482 3986 504 4043 δ’
519 3990 617 4061 ἔβραχε
630 3990 729 4060 χαλκὸς
743 3988 786 4044 ivri
800 3986 947 4056 στήθεσσιν
959 3987 1067 4044 dromos

378 4082 541 4157 Ὀρνυμένοο·
566 4087 615 4141 ὑπὸ
629 4087 672 4141 xiv
684 4085 868 4157 ταλασίφρονᾶ
881 4106 931 4157 περ
944 4085 1002 4140 dior
1016 4081 1086 4139 εἷλεν
1094 4079 1109 4138 ¹.

260 4203 448 4288 ‘Il.A.45.
490 4210 639 4272 ‘Ibid.A.
659 4214 725 4286 348.
767 4209 877 4271 rIbid.
893 4225 924 4271 Λ.
942 4225 1008 4286 599.
1051 4205 1205 4268 ¹‘Ibid.r'.
1226 4209 1270 4266 16.

260 4291 266 4322 ¹
286 4288 365 4350 Ibid.
382 4291 449 4368 3⁶5·
595 4289 609 4328 ¹‘
633 4292 734 4371 Odycc.
751 4307 780 4350 A.
798 4307 865 4367 537·
1026 4288 1033 4320 ¹
1054 4288 1096 4348 Il.
1113 4302 1144 4348 Δ.
1161 4308 1229 4363 420.
