3058 4908
301 291 367 353 200
605 307 815 356 parennem
839 307 1036 356 ornamur.

238 466 245 481 '
300 449 540 526 severitatem.
593 447 684 521 Mox
715 445 778 519 ubi
811 445 924 519 nimio
958 446 1061 520 cultu
1090 458 1230 522 naturae
1260 449 1353 522 inte-

299 568 411 666 gritas
442 565 619 651 obruitur,
649 563 808 659 linguam
842 565 954 636 etiam
987 564 1098 638 habes
1132 566 1245 639 nimia
1277 577 1355 640 arte

299 686 505 771 confictam,
527 683 565 755 in
582 682 775 755 verborum
792 682 952 777 argutias
972 692 1009 754 et
1035 681 1231 756 dictionem
1248 682 1354 756 nimis

299 801 488 875 delicatam
516 800 733 873 delabuntur
757 799 936 874 homines.
989 799 1227 873 Consuetudo
1254 799 1353 872 deni-

298 941 370 1012 que
396 925 433 992 et
458 941 547 992 usus
567 924 687 991 totum
711 917 846 1013 linguae
871 916 1039 990 habitum
1064 916 1242 1004 inficiunt,
1262 919 1353 992 adeo

299 1046 342 1109 ut
360 1035 404 1108 de
429 1035 498 1108 hao
521 1059 561 1108 re
585 1033 683 1107 idem
706 1034 779 1107 sere
804 1033 997 1108 dicendum
1015 1033 1075 1124 sit,
1094 1036 1193 1131 quod
1211 1035 1255 1108 de
1279 1037 1353 1108 isto

300 1175 408 1250 quem
430 1155 507 1250 jam
532 1150 770 1224 tractavimus
796 1152 882 1224 vitae
907 1149 1021 1224 civilis
1044 1159 1156 1224 statu.
1206 1150 1353 1248 Tragici

299 1270 445 1366 quidem
469 1279 506 1342 et
524 1267 660 1342 Comici
677 1269 809 1355 Poetae,
829 1292 985 1366 quorum
1010 1293 1126 1341 sermo
1143 1268 1227 1340 vitae
1251 1294 1352 1343 com-

298 1387 402 1459 muni
432 1385 580 1484 propior
608 1395 675 1472 est,
703 1385 920 1481 exquisitam
946 1383 1175 1460 Athenarum
1202 1409 1352 1459 suarum

299 1505 494 1577 dictionem
529 1527 603 1575 non
638 1513 817 1575 recusant.
873 1502 1045 1576 Dubitari
1074 1513 1197 1576 tamen
1230 1515 1353 1600 potest

297 1632 422 1694 utrum
448 1621 573 1692 eadem
598 1620 661 1692 illa
686 1618 789 1716 Epici
815 1620 983 1692 carminis
1010 1619 1190 1716 majestati
1216 1621 1352 1717 pariter

297 1753 516 1826 conveniret.
569 1751 635 1826 Est
651 1751 749 1824 enim
766 1751 802 1823 id
820 1776 934 1847 genus
951 1751 1108 1826 Pocseos
1126 1741 1274 1843 orpvbv'
1290 1748 1351 1824 καὶ

297 1872 455 1956 αὔθαδες
464 1889 489 1953 “.
528 1880 631 1964 Quin
648 1889 686 1954 et
703 1881 772 1978 ipsi
788 1880 933 1978 Tragici
949 1881 988 1954 in
1004 1881 1168 1956 Choricis
1184 1883 1349 1956 carmini-

296 1997 366 2070 bus
383 1997 619 2072 vetustiorem
635 2005 673 2072 et
690 1998 810 2074 minus
828 2000 1025 2096 expolitam
1042 2001 1206 2096 linguam
1223 2001 1351 2074 sectati

297 2124 395 2188 sunt.
448 2115 572 2216 Etiam
587 2117 755 2190 horridus
772 2117 833 2190 ille
850 2143 924 2215 prae
946 2117 1137 2191 recentiori
1153 2117 1351 2192 latinitate

298 2231 409 2304 Ennii
443 2257 561 2306 sermo
587 2232 698 2306 habet
726 2243 848 2307 tamen
876 2233 1009 2330 aliquid
1042 2236 1081 2307 in
1111 2259 1150 2308 se
1180 2237 1351 2331 ponderis

295 2357 333 2422 et
350 2348 548 2444 dignitatis.

348 2462 460 2547 Quod
484 2466 602 2562 ipsam
625 2465 736 2562 igitur
760 2468 922 2564 linguam
939 2474 1091 2563 spectat,
1109 2475 1148 2540 et
1171 2470 1251 2566 ejus
1278 2479 1352 2542 sta-

295 2588 377 2658 tum
404 2584 531 2681 quiin
556 2583 761 2659 Homericis
788 2585 1010 2682 temporibus
1036 2586 1201 2676 invaluit,
1228 2589 1351 2662 Poetae

296 2700 415 2776 farrata
431 2708 536 2776 erant
551 2702 675 2776 omnia
691 2714 729 2776 et
745 2702 873 2776 felicia.
1140 2682 1152 2700 ’

594 2876 607 2900 =
627 2869 752 2928 Arana
768 2869 867 2962 area,
881 2867 900 2928 1.
917 2869 960 2928 m
972 2889 999 2930 ο.
1016 2889 1042 2946 3.
