3096 4886
310 295 357 358 ⁴14
446 307 449 314 '
650 316 863 366 nnnnscrro
885 317 1025 366 rnarrr.

311 463 402 538 Haec
419 467 544 538 autem
569 485 679 560 quam
703 487 777 538 non
802 463 895 536 levio
917 470 1016 552 sunt,
1036 463 1273 542 Aristotelem
1292 472 1367 542 tes·

309 589 388 656 tem
412 581 637 668 adhibemus,
662 581 726 678 qui
745 579 841 654 inter
863 579 979 654 varias
1004 581 1092 676 regii
1116 581 1260 679 imperii
1285 608 1367 681 spe·

311 699 385 774 cies
402 723 483 772 eam
500 707 662 772 recenset
679 722 760 795 qnae
773 695 941 770 Hernicis
954 699 1182 795 temporibus
1198 700 1367 776 invaluit.

310 817 448 890 Totum
465 817 600 903 locum,
612 839 696 888 cum
714 839 789 888 non
803 838 932 912 parum
948 813 1006 888 his
1018 817 1126 890 rebus
1142 817 1235 890 lucis
1248 817 1367 891 offun-

311 946 388 1034 dat,
413 944 595 1040 exscripto
622 943 770 1040 dignum
791 942 976 1040 judicavi;
1003 933 1183 1039 τέταρτον
1210 935 1242 1015 d
1271 930 1369 1022 εἶδος

310 1065 515 1170 μοναρχίας
542 1068 757 1163 βασιλικῆς,
778 1067 816 1142 αἱ
842 1059 937 1142 κατὰ
964 1057 1051 1148 τοὺς
1071 1057 1250 1168 ἡρωῖκοίις
1276 1057 1367 1169 χρεί-

314 1225 397 1276 νονς
417 1187 587 1271 ἑκούσιαί
599 1224 640 1272 τε
659 1187 885 1295 καὶπάτριαι
899 1185 1116 1294 γιγνόμεναι
1130 1189 1225 1273 κατὰ
1239 1187 1367 1291 νόμον·

314 1318 374 1400 διὰ
401 1317 475 1424 γὰρ
504 1315 547 1400 τὸ
576 1313 662 1404 rods
694 1316 863 1424 rrpcirovr
899 1317 1076 1422 γενέσθαι
1105 1327 1171 1399 τοῦ
1200 1318 1369 1422 πλήθους

313 1447 506 1553 εὐεργέτας
525 1445 620 1530 κατὰ
645 1443 818 1552 τέχναςῆ
844 1444 1025 1548 πόλεμον,
1045 1443 1068 1549 ἢ
1095 1445 1157 1528 διὰ
1181 1447 1224 1529 τὸ
1251 1485 1368 1530 συνα-

313 1573 444 1684 γαγεῖν
462 1573 485 1678 ἢ
504 1578 661 1683 πορίσαι
681 1575 822 1681 χώραν,
843 1578 1035 1681 ε’γίγνοντο
1060 1584 1235 1673 βασιλεῖς
1265 1576 1367 1659 ἑκόν-

314 1742 400 1804 των,
430 1710 492 1786 rai
516 1713 592 1792 τοῖς
615 1703 961 1809 παραλαμβάνουσι
988 1703 1150 1810 πάτριοι·
1181 1703 1300 1812 κιίριοι
1329 1707 1370 1788 δὲ

313 1831 416 1936 ἦσαν
433 1838 500 1934 τῆς
524 1868 565 1913 τε
592 1831 687 1913 κατὰ
710 1827 879 1932 πόλεμον
906 1832 1104 1934 ἡγεμονίας
1125 1835 1186 1912 καὶ
1212 1839 1286 1913 τῶν
1304 1841 1368 1914 θν-

315 1971 421 2062 σιῶν,
453 1963 542 2044 ὅσαι
569 1958 620 2063 μὴ
655 1962 835 2068 ἱερατικαί
860 1957 973 2059 ἦσαν,
1003 1963 1065 2039 καὶ
1096 1959 1192 2066 πρὸς
1227 1961 1372 2049 τούτοις

314 2091 381 2179 τὰς
410 2094 513 2176 δίκας
544 2085 729 2195 ἴκρινον’;
768 2104 806 2172 et
839 2097 924 2171 alibi
958 2098 1003 2171 de
1038 2097 1080 2171 iis
1114 2098 1371 2198 Rerumpubli-

315 2241 443 2292 carum
476 2216 603 2289 formis
638 2240 719 2313 qum
746 2215 844 2314 apud
876 2213 1077 2288 Homerum
1108 2216 1369 2292 inveniuntur:

316 2340 357 2417 ἐκ
379 2344 453 2417 τῶν
482 2338 646 2441 ἀρχαίων
672 2341 870 2416 πολιτειῶν
892 2330 935 2419 ἃς
968 2337 1130 2436 ἐμιμεῖτο
1155 2331 1367 2441 Ὅμηροςι.

316 2461 407 2556 Haep
425 2463 536 2559 igitur
555 2463 616 2535 ille
633 2459 792 2534 Politicae
810 2459 1008 2557 disciplinae
1034 2485 1201 2534 summus
1224 2463 1369 2551 arbiter,

316 2604 424 2677 quem
458 2577 650 2676 respiciant
679 2576 788 2650 velim
819 2577 952 2673 quibus
986 2577 1026 2650 in
1059 2577 1129 2651 hac
1162 2603 1201 2650 re
1237 2580 1373 2677 aliquid

315 2696 451 2795 negotii
478 2701 544 2770 est.
597 2694 713 2769 Nobis
739 2695 926 2768 monuisse
953 2695 1108 2768 sufficiat
1130 2720 1309 2792 quosnam
1334 2696 1373 2770 in

316 2812 372 2887 his
389 2815 510 2900 rebus,
529 2837 610 2909 quae
633 2812 671 2885 in
698 2812 961 2885 communitate
977 2811 1062 2883 vitae
1086 2812 1252 2886 maximae
1273 2819 1371 2900 sunt,

316 2931 501 3027 profectus
527 2930 691 3002 fecerunt
718 2927 860 3016 Graeci3
887 2927 1052 3024 singulos
1081 2951 1213 3026 nempe
1240 2929 1374 3003 civium

317 3049 459 3121 ordines
473 3073 581 3121 suum
598 3049 721 3120 locum
734 3071 931 3145 occupasse
946 3079 956 3134 ;
981 3049 1247 3121 eteumlocum
1264 3072 1373 3147 quem

318 3187 392 3237 non
418 3164 543 3260 legum
570 3170 609 3237 et
634 3164 776 3260 imperii
805 3166 873 3254 vis,
904 3165 968 3237 sed
994 3188 1104 3261 quem
1129 3170 1263 3238 natura
1295 3165 1375 3264 ipsa

319 3280 581 3377 designaverat,
608 3282 880 3379 quamprimum
904 3281 1103 3354 didicerant
1122 3282 1289 3356 homines
1312 3305 1374 3380 pa·

317 3398 426 3470 triam
436 3407 471 3471 et
483 3397 759 3495 Rempublicam
771 3422 893 3471 coram
905 3397 1048 3488 habere,
1060 3422 1178 3496 neque
1189 3399 1308 3472 adhuc
1318 3401 1374 3472 in-

317 3515 506 3588 crebuerat
522 3513 634 3588 libido
651 3514 712 3587 illa
724 3516 841 3588 aliena
849 3516 934 3610 jura
950 3515 1162 3611 occupandi.
1192 3516 1248 3588 Eo
1265 3515 1376 3589 etiam

318 3631 481 3706 animum
508 3632 750 3720 intendamus
773 3631 878 3705 illum
900 3655 978 3705 esse
996 3656 1119 3705 rerum
1144 3637 1294 3720 statum,
1313 3631 1376 3729 qui

318 3749 483 3824 omnium
501 3749 643 3822 animos
661 3748 835 3822 accendat
847 3755 886 3822 et
899 3749 1073 3836 suscitet;
1100 3771 1246 3822 summa
1261 3749 1377 3847 plebis

319 3867 496 3955 libertate,
516 3889 659 3942 summa
679 3889 870 3964 procerum
895 3865 991 3938 inter
1016 3889 1055 3939 se
1080 3865 1377 3952 concertatione;

319 4005 404 4055 cum
430 4006 548 4080 neque
572 3982 611 4055 in
636 3979 790 4080 proclivi
815 3991 891 4054 erat
918 3980 1133 4078 dignitatem
1158 3990 1196 4054 ct
1221 3981 1379 4055 honores

319 4098 389 4172 sibi
411 4123 631 4196 comparare,
655 4122 773 4196 neque
798 4123 820 4172 a
845 4097 1043 4194 majoribus
1073 4107 1241 4195 acceptas
1267 4097 1376 4171 tueri.

320 4215 479 4288 Labores
502 4214 653 4290 enimet
671 4214 827 4312 pericula
843 4213 985 4312 magnis
1001 4215 1200 4290 virtutibus
1223 4224 1260 4290 ct
1277 4237 1380 4288 occa·

340 4361 347 4400 ¹
361 4357 459 4418 Arist.
474 4357 569 4419 Polo.
584 4357 605 4416 L
620 4355 663 4418 iii.
679 4375 702 4416 c.
717 4381 757 4430 ιι.
835 4356 961 4419 'didm
977 4357 1051 4419 Ειλ.
1065 4355 1181 4420 Nicon.
1195 4355 1216 4416 l.
1231 4353 1273 4416 iii.
1288 4374 1314 4417 c.
1330 4381 1357 4429 ³·
