3094 4898
298 261 362 326 176
632 269 845 320 ranincrro
871 271 1021 322 nactur.

295 423 451 522 privatio
480 444 742 518 nonnunquam
770 421 807 492 vi
836 422 1024 495 contrariae
1053 421 1092 495 in
1122 423 1201 520 ejus
1228 425 1353 498 locum

296 547 460 638 receptae,
488 540 649 612 undeet
676 537 767 610 illud
794 537 933 611 Graecis
960 563 1046 618 curn
1075 539 1156 614 aliis
1183 540 1355 615 omnibus

296 679 490 731 commune
518 661 575 728 est
606 661 649 727 ut
679 653 858 726 contraria
884 653 1167 730 Denominativa
1196 657 1355 731 habeant

297 798 453 870 quorum
484 783 682 866 utrumqne
713 767 886 865 Subjecto
919 783 1109 868 congruat,
1138 785 1249 871 atque
1282 774 1354 849 hoc

297 903 408 976 etiam
433 925 583 974 munere
606 923 871 995 nonnunquam
892 899 1055 996 fungitur
1069 928 1096 972 α
1119 902 1352 999 privativum,

296 1033 393 1105 utin
413 1055 501 1104 voce
519 1020 655 1105 ἄδικος.
710 1025 782 1099 Scd
804 1038 843 1100 et
864 1027 1019 1123 privatio
1036 1029 1113 1103 fieri
1136 1039 1258 1128 potest
1273 1035 1354 1106 sine

298 1161 471 1239 contrarii
492 1161 714 1257 receptione,
735 1148 758 1248 ἡ
781 1146 851 1248 μὲν
873 1151 1087 1236 ἐναντίωσις
1106 1153 1288 1257 στέρησις
1307 1155 1356 1235 ἀν

298 1320 352 1370 τις
382 1282 436 1386 εἴη
464 1281 627 1380 πᾶσα,ἦ
656 1277 697 1359 δὲ
726 1275 907 1380 στέρησις
934 1277 1027 1364 ἴσως
1052 1281 1097 1359 οὗ
1120 1289 1230 1362 πᾶσα
1248 1285 1354 1363 ἐναν-

299 1407 458 1514 τιότηςε.
517 1419 685 1492 Medium
704 1416 887 1514 quoddam
913 1414 1136 1493 intercedere
1162 1427 1296 1518 potest,
1315 1422 1355 1497 in

300 1541 373 1635 quo
391 1538 567 1611 subsistat
581 1535 754 1621 Privatio,
767 1557 886 1630 neque
903 1532 940 1605 in
959 1535 1049 1607 illud
1063 1537 1160 1632 quod
1178 1562 1224 1610 ex
1242 1539 1356 1612 altera

298 1665 402 1753 parte
427 1665 632 1728 extremum
658 1660 714 1724 est
730 1647 910 1724 transeat.
963 1651 1087 1726 Habes
1117 1653 1228 1752 igitur
1255 1657 1354 1753 apud

300 1771 448 1844 Grecos
473 1771 666 1867 utriusque
695 1769 850 1841 extremi
877 1769 1026 1842 nomina
1059 1777 1098 1845 et
1127 1773 1225 1869 quod
1254 1773 1355 1848 hunc

151 1965 162 1986 ,
277 1901 409 1990 ,etiam
422 1897 588 1974 Medium
607 1905 746 1973 statum
765 1899 951 1994 designet3
975 1889 1146 1994 χρηστὸν
1158 1907 1196 1973 et
1208 1901 1354 1990 βλαβε-

298 2018 368 2125 ρὸν
393 2028 573 2104 contraria
595 2036 693 2114 sunt,
713 2017 909 2122 ἄχρηστον
928 2029 1090 2102 medium
1112 2031 1274 2128 utrisque
1300 2033 1355 2106 in-

299 2161 450 2234 tercedit
462 2193 471 2248 ;
500 2160 628 2233 eodem
660 2158 768 2232 modo
799 2144 960 2247 εὐσεβὴς
983 2166 1020 2232 et
1046 2148 1242 2252 δυσσεβὴς
1268 2188 1355 2237 con-

299 2287 419 2374 traria,
449 2287 544 2360 inter
573 2311 653 2420 quae
683 2284 928 2381 interponitur
956 2271 1111 2376 ἀσεβὴς,
1140 2294 1178 2360 et
1207 2289 1357 2387 quidem

295 2407 391 2504 jure,
418 2404 497 2502 ipsa
530 2403 627 2477 enim
659 2402 756 2476 nuda
790 2407 827 2474 et
860 2425 924 2497 per
953 2426 993 2475 sc
1023 2409 1171 2502 sumpta
1196 2407 1357 2502 privatio

299 2537 423 2610 formae
446 2534 738 2664 quodammodo
738 2531 915 2606 rationem
935 2525 1095 2628 habet,
1074 2560 1096 2625 η
1117 2523 1191 2631 γὰρ
1217 2527 1355 2632 στέρη-

302 2686 363 2735 σις
389 2645 486 2736 εἶδος
508 2685 586 2735 πως
612 2627 747 2731 ἐστιν.
800 2657 961 2731 Hict
895 2657 961 2755 igit
962 2683 1007 2732 ur
1023 2685 1047 2727 α
1072 2659 1243 2757 privativi
1265 2688 1357 2738 usus

303 2776 439 2851 Graecis
466 2777 651 2850 familiaris
681 2786 748 2850 est.
801 2775 857 2850 Ex
885 2776 955 2851 hoc
983 2783 1062 2852 tota
1090 2803 1357 2878 nonnunquam

300 2895 434 2992 pendet
452 2893 647 2990 descriptio
660 2923 723 2966 :-

460 3043 611 3116 ’Δφρῆτορ,
627 3044 775 3114 ἀθέμιστος,
788 3046 907 3103 ἀνέστιος
920 3047 993 3101 ἐστὶν
1004 3047 1107 3106 ἐκεῖνος.

452 3135 503 3196 ‘Or
514 3142 633 3210 πολέμου
647 3141 734 3212 ἔραται
748 3141 892 3210 ἐπιδημίου,
905 3140 1085 3214 ἀκρῦοεποςῑ.

301 3267 359 3340 vel
376 3264 406 3340 si
424 3266 469 3339 ad
484 3265 724 3362 Sophocleum
742 3267 967 3365 majestatem
980 3292 1178 3365 provocare
1190 3272 1281 3344 velis
1294 3304 1357 3345 :—

356 3377 362 3390 ,
578 3447 619 3456 -
633 3417 677 3472 ὅτε
689 3416 759 3488 μοῖρ’
774 3417 923 3488 ἀνυμέναιος

453 3511 578 3585 Ἀλυρος,
595 3515 700 3587 ἀχορος,
716 3515 865 3588 ἀναπέφηνε

461 3610 616 3667 Θάνατοςὶ·
627 3605 779 3664 τελευτάν.

302 3750 346 3822 de
386 3749 517 3845 quibus
556 3747 746 3822 sententiis
790 3748 1067 3823 Aristoteles—
1080 3737 1232 3845 αὔξεται
1280 3741 1357 3848 γὰρ

302 3871 417 3953 οὕτως
434 3873 484 3952 εἰς
506 3867 662 3974 ἄπειρον
670 3860 904 3954 —accrcscit
920 3881 1095 3954 nimirum
1113 3879 1337 3956 Orationi
1301 3907 1358 3957 vis

300 4005 338 4066 et
355 3994 568 4090 magnitudo
586 4019 631 4068 ex
649 3996 861 4070 recensione
875 4004 934 4072 tot
950 3997 1208 4096 privationum.
1253 3997 1359 4082 Quin

341 4159 807 4240 ‘Aristot.Metupt.,l.i.c.4.
888 4161 1344 4276 hdoptOEd.0010·.,1221.

341 4236 561 4379 'Ilblidngdym
553 4239 727 4308 ‚.lii...cr
888 4241 1165 4314 ¹Ariuorwfflee
1178 4242 1223 4304 l.
1214 4241 1257 4303 rii.
1272 4242 1347 4306 c..6

485 4335 503 4393 ³
