3094 4898
553 351 765 400 annnorro
786 352 931 400 ocrem.
1061 403 1063 410 ,
1210 335 1271 398 127

219 486 316 557 enim
339 493 442 582 parte
466 488 534 561 sibi
558 496 713 576 constat,
732 501 769 564 et
796 491 929 586 ubique
953 492 1077 563 eadem
1101 498 1157 564 est
1180 494 1273 566 veri-

218 603 305 675 tatis
323 627 461 677 norma.
502 605 604 679 Adeo
621 631 695 679 non
713 607 841 680 exilem
859 606 958 680 hisce
975 607 1112 681 artibus
1129 608 1274 682 laudem

219 717 346 790 tribuit
379 719 570 810 Horatius,
605 723 749 819 elegans
787 729 884 796 certe
918 746 1044 796 earum
1078 732 1272 820 spectator,

110 857 113 863 ·
220 835 409 909 camillas
435 861 509 909 uon
534 863 579 911 ex
605 838 768 936 partibus
799 839 950 936 singulis
981 840 1044 912 sed
1073 865 1118 912 ex
1149 865 1274 915 earum

221 974 395 1048 compage
420 964 457 1027 et
481 955 596 1028 totius
626 957 746 1051 operis
776 981 919 1030 summa
944 957 1171 1032 aestimandas
1196 981 1275 1030 esse

221 1074 367 1140 censet²
381 1101 443 1141 :-

358 1216 531 1277 “AEmilium
545 1217 624 1279 circa
636 1217 739 1278 ludum
754 1217 839 1279 faber
851 1218 931 1279 imus
944 1223 976 1278 et
989 1237 1107 1298 ungues
1149 1247 1151 1252 ·

381 1311 547 1391 Exprimet‚
561 1318 593 1372 et
607 1313 710 1372 molles
723 1313 892 1374 imitabitur
905 1332 964 1372 oere
978 1312 1109 1392 capillos,

376 1406 491 1466 Infelix
505 1407 602 1488 operis
616 1429 731 1470 summa
743 1403 813 1489 qnia
826 1428 938 1489 ponere
951 1413 1052 1468 totum

377 1501 533 1564 Nesciet.”

220 1629 348 1727 Itaque
373 1657 491 1730 neque
516 1636 594 1732 ipse
618 1660 734 1732 neque
759 1635 931 1730 magister
954 1634 1031 1730 ejus
1057 1632 1273 1706 Aristoteles

219 1756 361 1822 recusat
387 1750 495 1822 etiam
517 1753 563 1824 ad
579 1751 730 1848 Epicam
754 1759 792 1824 et
808 1749 999 1847 Tragicam
1017 1749 1147 1822 Poesin
1173 1750 1273 1822 illus·

220 1864 386 1937 mandam
412 1865 544 1939 harum
570 1891 689 1946 rerum
717 1893 825 1963 opem
851 1866 1032 1954 adhibere,
1059 1889 1127 1938 nec
1152 1876 1274 1938 tamen

219 2003 317 2054 mera
346 1981 486 2055 artificii
511 1985 706 2056 calliditate
733 1991 770 2057 et
795 1982 913 2079 operis
943 1983 1060 2055 nitore
1085 2006 1163 2054 sese
1188 1981 1274 2053 effe·

218 2103 306 2169 runt
331 2105 425 2170 artes
451 2099 529 2172 istae
551 2124 631 2195 quae
654 2099 807 2172 honesto
829 2100 937 2171 titulo
962 2098 1192 2170 humaniores
1209 2121 1273 2168 vo·

218 2223 358 2300 cantur,
388 2215 451 2286 sed
486 2216 600 2311 majus
636 2216 807 2310 quiddam
841 2215 1009 2288 affectare
1042 2237 1140 2286 ausae
1174 2222 1272 2284 sunt.

217 2326 273 2400 Eo
296 2328 403 2417 enim,
423 2333 529 2403 modo
554 2331 622 2404 rite
644 2329 903 2426 intelligantur,
923 2354 1048 2403 omnes
1069 2329 1271 2416 enituntur,

217 2454 260 2516 ut
277 2468 392 2518 mores
410 2452 447 2518 et
463 2447 615 2520 affectus
636 2448 814 2520 humanos
835 2445 1050 2542 exprimant,
1071 2450 1107 2516 et
1126 2443 1274 2516 advitae

218 2559 402 2653 exemplar
427 2559 609 2655 effingant.
663 2559 762 2632 Hinc
784 2581 910 2630 verum
936 2555 1004 2628 sibi
1025 2555 1182 2651 pretium
1211 2555 1273 2626 ad-

217 2673 391 2759 sciscunt,
416 2674 501 2748 hine
527 2674 748 2771 praecipuam
774 2673 841 2745 sibi
870 2673 1027 2758 laudem,
1055 2677 1093 2742 et
1115 2671 1274 2766 palmam

216 2789 422 2885 primariam
441 2798 598 2886 sperant,
618 2797 654 2863 et
678 2816 724 2864 ex
745 2791 813 2862 hac
834 2788 980 2862 tandem
1003 2797 1106 2882 parte
1123 2785 1273 2858 eandem

212 2905 288 3000 jam
306 2929 389 2978 cum
406 2905 520 3002 Epica
536 2907 636 3002 poesi
653 2908 835 2980 materiem
858 2906 995 2977 habent
1017 2902 1109 2975 etin
1126 2901 1273 2974 eosdem

217 3045 306 3094 usus
329 3023 517 3094 materiem
539 3047 644 3098 suam
669 3023 895 3118 confingunt.
919 3022 923 3028 ’
949 3020 1062 3093 Recte
1082 3017 1194 3114 igitur
1211 3017 1273 3090 So·

217 3139 334 3205 crates
351 3132 411 3204 ille
428 3133 715 3230 Xenophonteus
738 3135 916 3230 pictorem
939 3155 1046 3203 suum
1071 3129 1206 3202 nonin
1229 3153 1273 3202 eo

216 3249 413 3321 consistere
436 3249 541 3343 jubet
569 3257 612 3322 ut
638 3256 789 3322 externa
816 3270 1011 3343 corporum
1041 3245 1270 3332 lineamenta,

216 3371 254 3436 et
288 3388 441 3460 eaquae
475 3363 589 3438 oculis
622 3363 879 3459 subjiciuntur,
912 3362 1089 3455 designet,
1131 3359 1193 3431 sed
1229 3365 1273 3430 ut

216 3504 342 3554 eorum
366 3505 434 3577 ope
460 3487 639 3577 quatenus
664 3479 742 3552 fieri
766 3479 883 3576 possit
908 3477 1017 3550 animi
1043 3477 1194 3549 affectus
1211 3475 1272 3547 de·

215 3610 364 3706 pingat;
382 3598 420 3680 τι’
432 3597 505 3704 γάρ
519 3633 530 3696 3
551 3600 637 3707 ἔφη,
649 3597 691 3680 τὸ
707 3592 963 3679 πιθανώτατόν
982 3630 1022 3675 τε
1042 3597 1102 3673 καὶ
1117 3594 1273 3692 ἥδιστον

217 3735 279 3811 καὶ
290 3730 541 3838 φιλικώτατον
560 3733 621 3810 καὶ
635 3727 900 3810 ποθεινότατον
915 3729 976 3806 καὶ
991 3720 1272 3828 ἐρασμιώτατον

126 3867 133 3882 '
217 3863 466 3959 ἀπομιμεῖσθε
498 3863 565 3958 τῆς
593 3863 722 3963 ψυχῆς
750 3855 879 3956 donch.
943 3863 1088 3936 Etenim
1123 3859 1161 3931 in
1194 3859 1274 3954 ipso

215 3988 333 4070 vultu,
353 3985 391 4056 in
409 3983 536 4071 oculis,
561 3995 599 4056 et
624 3983 662 4055 iu
689 3982 850 4078 corporis
874 3989 980 4077 gestu
1005 3977 1089 4049 vitae
1115 3972 1271 4070 dignitas

215 4111 252 4174 et
278 4101 449 4172 honestas
475 4124 514 4173 se
539 4100 673 4196 prodit.
723 4097 815 4170 Haec
838 4096 949 4192 igitur
966 4094 1071 4168 nobis
1092 4089 1273 4165 sufficiant

256 4309 268 4334 ⁸
287 4300 444 4360 Horat-dc
458 4301 534 4360 Arta
549 4301 647 4366 Poct.‚
660 4323 703 4372 3²·
799 4294 811 4327 s
831 4295 909 4354 Xon.
925 4291 1023 4362 Mem„
1038 4290 1057 4349 l.
1071 4288 1113 4349 iii.
1127 4307 1152 4348 c.
1172 4312 1211 4348 ιο.
