3058 4902
270 329 336 392 294
522 337 734 386 ramrsorro
756 336 1078 386 onerari-sarrin.

271 489 422 562 mitetur
439 496 476 560 et
492 511 573 560 eam
590 485 636 558 ad
655 485 794 559 exitum
814 485 998 581 perducat.
1029 484 1120 558 Post
1137 489 1330 560 contume-

270 604 335 677 lias
364 627 493 697 graves
522 608 560 676 et
589 608 647 675 tot
675 601 825 698 injurias
855 601 1088 675 facultatibus
1118 607 1157 674 et
1182 601 1330 676 familiae

270 743 345 793 suae
369 725 408 791 et
432 719 501 815 ipsi
526 719 643 792 illatas
665 719 812 791 tandem
840 716 946 791 sociis
972 723 1011 790 et
1035 716 1145 790 armis
1169 716 1331 791 instruc·

270 846 329 909 tus
347 835 556 908 simulatam
581 858 772 931 personam
798 834 901 908 exuit
929 838 967 906 et
992 833 1221 907 fortunarum
1244 857 1331 906 sua·

269 976 351 1024 rum
376 952 511 1024 vindex
536 951 642 1026 factis
668 951 791 1047 potius
816 973 928 1048 quam
951 951 1070 1024 verbis
1096 949 1263 1024 hostibus
1288 974 1331 1024 se

267 1070 390 1165 prodit
401 1100 463 1142 :-
1322 1065 1326 1070 ’

430 1173 516 1244 Αὗτᾶρ
530 1175 545 1225 d
558 1171 679 1244 γυμνώθη
691 1169 791 1242 ῥακίων
802 1169 946 1240 πολύμητις
960 1169 1117 1236 ’obeuntia

425 1263 509 1324 Ἀλτσ
524 1266 547 1323 d'
559 1268 601 1322 ἐπὶ
614 1267 696 1339 μέγαν
709 1267 794 1331 οὐδὸν,
809 1267 878 1338 ἔχων
889 1267 950 1332 βιὸν
963 1264 1007 1335 ἦδέ
1021 1267 1155 1339 φαρέτρην

433 1361 491 1418 'loir
504 1363 636 1432 ἐμπλείην,
652 1363 747 1432 ταχέας
761 1360 785 1417 δ’
800 1362 917 1446 s'rfxcunr'
932 1362 1038 1419 devote

433 1461 520 1514 Αἰσαῦ
532 1458 635 1531 πρόσθε
648 1460 743 1520 rabbu,
756 1460 822 1528 μετὰ
835 1459 863 1514 δι’
876 1461 1041 1530 μνηστῆρσιν
1052 1459 1165 1514 ἔκταν’.

271 1577 328 1652 Ita
353 1577 580 1672 agnitionum
606 1575 737 1649 seriem
766 1580 804 1648 et
830 1600 957 1648 omnes
987 1576 1062 1649 sere
1091 1599 1218 1648 earum
1242 1599 1327 1673 spe-

270 1696 342 1770 cies
369 1696 478 1769 habet
501 1695 675 1791 Odyssea,
695 1704 732 1768 et
758 1705 814 1767 est
840 1719 936 1784 vere,
955 1704 998 1772 ut
1023 1696 1076 1767 ait
1091 1692 1324 1783 Aristoteles,

270 1813 520 1920 ἅναγνῶρισις
538 1811 678 1897 διόλου.
726 1823 922 1920 Subjungit
940 1825 1106 1920 protinus
1124 1818 1185 1893 καὶ
1202 1810 1325 1914 ἠθικὴ,

270 1935 313 2014 ut
330 1965 376 2012 ex
393 1939 552 2013 secunda
569 1945 672 2036 parte
690 1964 865 2014 unacum
883 1941 1028 2014 Fabulae
1046 1936 1211 2037 partibus
1228 1940 1325 2012 colo-

270 2081 347 2129 rem
371 2063 408 2129 et
434 2056 589 2129 sormam
614 2063 692 2128 tarn
717 2057 839 2154 Epicae
867 2056 968 2154 poesi
993 2080 1103 2154 quam
1124 2055 1325 2151 Tragoediae

270 2171 459 2244 adscribat.
513 2171 659 2245 Etenim
690 2172 768 2269 ipsa
795 2172 931 2246 Fabula
963 2174 1011 2246 ad
1038 2196 1229 2270 personam
1258 2171 1326 2243 ali·

271 2314 379 2386 quam
398 2287 638 2361 exhibendam
655 2289 865 2384 comparari,
884 2298 993 2386 atque
1015 2313 1058 2362 eo
1082 2289 1229 2362 lectoris
1248 2289 1326 2361 ani·

272 2429 374 2478 mum
406 2403 635 2502 potissimum
666 2411 875 2478 convertere
907 2411 1040 2502 potest,
1073 2429 1190 2502 neque
1219 2403 1326 2478 aliter

272 2521 445 2619 Odysseae
462 2527 714 2616 argumentum
732 2521 883 2617 exponit
900 2522 977 2616 ipse
995 2521 1180 2595 Homerus
1192 2551 1255 2595 :-

396 2669 496 2743 Ἀνδρα
509 2693 553 2740 μαι
566 2671 655 2726 ἔννεπε
670 2675 766 2726 Μοῦσα
777 2670 946 2744 παλῦσρσσαν
959 2671 988 2730 bs
1002 2673 1073 2742 μα’λα
1086 2673 1177 2728 πολλὰ

403 2768 543 2840 Πλόγχθη,

269 2885 319 2957 Et
353 2909 515 2982 personae
548 2887 735 2982 cujusdam
769 2910 900 2973 mores,
930 2885 982 2960 ita
1013 2884 1110 2960 inter
1142 2887 1325 2982 agendum

270 3000 485 3087 adumbrati,
510 3008 666 3097 possunt
688 3025 751 3096 per
776 3025 815 3073 se
841 3000 911 3097 ipsi
938 3002 1085 3074 eosdem
1108 3003 1261 3074 affectus
1287 3009 1326 3076 et

270 3115 421 3189 eandem
451 3117 562 3189 animi
593 3117 867 3191 admirationem
894 3117 1074 3192 concitare
1104 3142 1214 3215 quam
1243 3141 1325 3214 gra-

270 3231 387 3305 viores
404 3232 486 3305 vitae
503 3233 672 3307 humanae
689 3259 804 3307 casus.

320 3348 408 3421 Non
437 3349 549 3445 igitur
582 3350 712 3445 exigua
745 3361 801 3424 est
833 3349 894 3424 illa
923 3350 1076 3424 Homeri
1104 3352 1184 3424 laus
1214 3350 1323 3424 hasce

270 3465 401 3538 sabulae
441 3471 562 3561 partes
606 3489 689 3562 quae
725 3477 761 3540 et
792 3468 944 3540 seorsim
983 3467 1021 3540 in
1061 3466 1323 3540 commovendo

271 3583 394 3657 animo
411 3583 572 3655 efficaces
590 3589 688 3669 sunt,
701 3593 738 3657 et
755 3584 959 3679 conjunctae
977 3590 1099 3657 toturn
1116 3608 1209 3680 opus
1226 3607 1323 3656 oom-

270 3703 383 3796 plent,
396 3699 615 3772 intellexisse
626 3706 664 3774 et
675 3701 772 3773 varie
781 3701 988 3774 adhibuisse
1001 3732 1011 3789 ;
1028 3725 1138 3774 usum
1149 3725 1228 3774 esse
1240 3699 1323 3786 illis,

274 3839 317 3904 ut
335 3829 381 3902 ad
395 3828 630 3902 Aristotelem
648 3830 781 3902 iterum
798 3855 1004 3926 provocem,
1020 3823 1081 3900 καὶ
1097 3825 1246 3924 πρῶτον
1264 3823 1325 3899 καὶ

273 3955 404 4033 ἱκανῶς
414 3955 447 4046 ';
478 3958 567 4030 adeo
581 3965 624 4030 ut
636 3957 827 4054 Tragoedia
843 3985 924 4055 quae
941 3958 1129 4031 recentiori
1146 3965 1242 4032 serat
1257 3961 1326 4032 aevi

271 4081 310 4147 et
335 4099 510 4149 novarum
536 4100 659 4148 rerum
685 4075 849 4149 studiosa
865 4076 961 4149 ultra
987 4073 1189 4170 simplicem
1205 4073 1325 4169 Epieoe

188 4247 194 4254 .
272 4214 422 4286 poeseos
441 4192 652 4286 dignitatern
671 4217 710 4267 se
727 4193 890 4266 attollere
904 4215 992 4265 ausa
1009 4200 1099 4277 erat,
1115 4215 1189 4263 non
1201 4197 1325 4263 tamen

395 4346 403 4367 ¹
426 4337 527 4414 Odyss.
544 4353 575 4398 x.
596 4359 619 4397 1.
840 4403 844 4412 ,
969 4350 980 4378 ·
1001 4341 1101 4412 Post,
1116 4359 1141 4398 c.
1160 4358 1206 4411 24,
