3094 4898
591 319 804 368 rnmrrorro
824 319 935 368 nonu.
1033 287 1035 294 ¹
1228 310 1287 370 151

234 467 356 566 Hujus
387 491 456 564 ope
482 467 624 542 serendi
651 477 687 540 et
715 466 840 541 arandi
865 435 1029 565 tempora
1058 468 1290 573 dispertiebat

233 585 391 681 agricola
406 616 469 656 :-

393 733 532 822 libabitur
544 753 723 826 Ἀτλινγίνεων
736 754 961 824 ἐπιτελλομενάων

392 846 516 921 ’λμχεσθ
532 851 639 920 ἀμητοῦ,
653 849 757 922 ἀρότοιο
770 850 799 906 δι’
813 851 1002 921 δυοσομενάων
1011 855 1032 904 ⁰.

212 998 299 1100 'sed
326 1006 441 1073 totam
466 999 561 1073 hanc
578 1001 849 1075 Astronomiam
875 1026 920 1076 ex
947 1026 1047 1076 mera
1072 1002 1293 1100 experientia

155 1197 159 1206 p
236 1116 434 1190 accrevisse
460 1119 583 1191 nullus
607 1118 743 1192 dubito.
799 1119 1005 1194 Geometria
1028 1120 1125 1193 enim
1152 1122 1294 1194 sublata
1354 1173 1357 1186 .

237 1232 405 1307 Scientiae
439 1235 561 1308 locum
596 1235 658 1308 vix
692 1235 802 1309 habet
836 1235 1073 1310 Astronomia
1107 1248 1294 1334 uteunque

237 1337 340 1423 utilia
365 1351 404 1423 in
420 1352 536 1424 vitam
560 1359 740 1448 praecepta
765 1360 936 1449 praestare
961 1345 1088 1451 possit.
1140 1353 1188 1427 Et
1214 1377 1296 1427 mea

237 1469 384 1564 quidem
410 1469 591 1542 sententia
616 1469 679 1542 illa
694 1469 957 1567 AEgyptiomm
984 1477 1021 1544 et
1039 1471 1296 1554 Chaldaeorum

238 1585 472 1660 Astronomia
511 1611 556 1659 ex
597 1587 802 1660 istiusmodi
843 1590 1032 1686 praeceptis
1068 1589 1185 1664 uniee'
1208 1615 1295 1662 con-

238 1702 367 1790 stabat,
395 1727 441 1776 ex
471 1703 593 1798 ampla
617 1703 765 1800 quidem
793 1703 947 1779 istorum
972 1705 1139 1802 congerie
1168 1707 1295 1780 sedulo

237 1830 446 1916 comparata
458 1850 468 1907 ;
496 1820 597 1893 nulla
622 1819 719 1894 enim
745 1807 812 1896 ars'
827 1829 1093 1920 praeceptorum
1121 1824 1158 1896 in
1182 1824 1295 1897 vitam

238 1936 381 2010 utilium
399 1937 606 2010 uberiorem
624 1939 765 2034 copiam
790 1949 951 2036 praestat,
971 1966 1051 2037 quae
1077 1941 1188 2014 etiam
1205 1966 1296 2037 prae-

237 2063 341 2151 cepta
358 2054 461 2128 facile
478 2055 577 2151 apud
602 2055 731 2128 rudem
753 2065 789 2128 et
815 2054 982 2150 ignarum
999 2058 1179 2155 populum
1197 2055 1296 2130 miri-

237 2172 315 2242 ficae
347 2169 515 2246 Scientiae
546 2173 670 2246 locum
699 2172 831 2246 habere
859 2179 1024 2271 possunt.
1069 2177 1229 2248 Annum
1259 2174 1297 2247 iu

237 2295 360 2386 partes
395 2313 478 2362 suas
513 2289 625 2362 nobili
660 2314 746 2364 sane
782 2291 932 2366 invento
966 2293 1225 2366 distribuerant
1260 2303 1297 2366 et

237 2417 403 2480 accurate
421 2406 675 2480 ordinaverant
686 2407 864 2505 AEgyptfi,
880 2433 989 2505 quam
1005 2409 1297 2483 distributionem

237 2524 411 2620 loquendi
445 2525 537 2599 ratio
572 2525 617 2596 ab
647 2524 809 2599 Homero
841 2533 1014 2622 usurpata
1050 2551 1298 2624 saepenumero

239 2641 328 2714 mihi
345 2641 519 2738 respicere
537 2640 682 2715 videtur
694 2675 754 2713 :-
1256 2659 1263 2664 “

394 2821 475 2890 Ἡμῖν
488 2823 511 2878 δ’
526 2821 625 2880 εἴνατός
638 2825 697 2879 ε’στι
709 2824 888 2896 περιτροπέων
902 2823 1017 2879 ἐνιαυτός

399 2919 508 2976 Ἐνθάδε
521 2922 693 2990 μιμνόντεσσι
702 2924 725 2976 ¹².

396 3037 474 3095 Ἀλλ’
490 3041 533 3096 ὅτε
549 3041 579 3111 δὴ
592 3041 671 3112 μῆνές
683 3063 713 3096 τε
727 3042 769 3096 rut
782 3040 874 3113 ἡμέραι
889 3042 1053 3111 ἐξετελεῦντο

386 3137 451 3208 ‘Ad
464 3138 683 3211 περιτελλομένου
697 3140 776 3202 ἔτεος,
792 3139 833 3191 roi
848 3137 978 3206 ἐπήλυθον
992 3139 1055 3210 ὧροι
1064 3143 1083 3192 ³.

290 3297 385 3372 Sunt
415 3298 525 3371 etiam
554 3297 806 3386 Arithmeticae
837 3299 925 3372 artis
955 3307 1134 3394 quatenus
1163 3321 1296 3371 meroa-

121 3459 125 3468 ·
237 3421 329 3488 turae
346 3420 382 3488 et
399 3414 483 3488 vitae
501 3414 597 3487 civili
614 3415 764 3488 inservit
781 3414 941 3512 vestigia.
989 3417 1152 3490 Eandem
1170 3440 1295 3488 nume·

238 3533 343 3606 randi
367 3532 547 3606 rationem
577 3556 642 3629 per
667 3532 776 3606 series
802 3533 1064 3608 Arithmeticas
1090 3558 1170 3631 quae
1200 3534 1297 3629 apud

238 3651 456 3724 recentiores
493 3675 565 3723 usu
605 3650 705 3724 venit
739 3652 965 3748 usurpabant
1001 3650 1129 3736 Graeci,
1167 3650 1218 3722 ita
1254 3656 1298 3721 ut

239 3768 353 3865 prima
384 3766 494 3840 series
523 3766 562 3838 in
592 3791 745 3840 numero
776 3769 901 3840 decem
928 3767 1144 3840 terminetur
1174 3776 1210 3836 et
1246 3763 1296 3837 sic

239 3882 406 3980 deinceps
425 3883 677 3982 progrediatur
695 3908 809 3980 usque
828 3884 873 3957 ad
891 3883 1083 3980 myriadas.
1118 3881 1160 3954 In
1176 3879 1295 3978 Odys-

239 4025 300 4073 sea
316 4002 433 4099 prima
452 4002 563 4074 habes
581 3987 667 4074 artis
686 4001 903 4074 rudimenta.
948 3999 1088 4072 Phocas
1107 4023 1190 4074 suas
1208 3998 1296 4073 Pro-

238 4124 320 4192 teus
351 4143 415 4215 per
451 4118 560 4192 series
596 4128 776 4206 numerat,
807 4139 963 4213 quarum
999 4127 1119 4189 tamen
1155 4115 1298 4216 singula

248 4367 255 4372 ·
278 4351 290 4380 ⁰
311 4342 443 4414 Horruit,
459 4341 493 4401 ej
503 4347 544 4401 καὶ
559 4339 634 4413 u.,l.
651 4341 678 4399 ii.
694 4360 718 4399 1.
771 4352 781 4383 Ρ
803 4341 843 4400 Il.
862 4355 889 4401 Β.
909 4360 973 4418 295.
1022 4350 1035 4390 ‘1
1060 4341 1160 4419 Odpse.
1178 4357 1208 4402 Λ.
1229 4359 1294 4415 ²93·
