3058 4902
271 330 337 394 ³72
510 339 723 390 rnmmcrro
751 337 1102 388 rrcrsmr-sscunna

271 483 359 558 certi
388 511 464 560 suae
492 485 612 560 aetatis
644 509 808 558 rumores
838 485 1044 558 conferrent
1072 485 1220 583 penitus
1249 510 1330 582 per-

271 603 392 700 spexit
408 602 536 691 Poeta,
551 603 656 677 novit
672 603 763 676 adeo
776 604 884 699 juxta
896 601 1137 676 Horatianam
1154 603 1331 700 loquendi

269 718 477 810 formulam,
498 719 684 794 “Famam
702 721 844 816 sequi.”

322 835 465 912 Quarto
482 845 520 912 et
545 847 730 933 postremo
748 838 793 910 de
820 837 981 911 moribus
1007 835 1171 934 praecipit
1187 837 1330 909 Aristo·

270 967 372 1052 teles,
396 955 440 1037 τὸ
467 953 623 1056 ὁμαλόν.
675 967 826 1040 Morum
849 967 1103 1054 constantiam,
1131 991 1210 1064 quae
1233 975 1330 1063 aptae

270 1106 397 1155 eorum
426 1081 673 1157 distributioni
700 1084 818 1157 affinis
845 1091 913 1158 est.
967 1082 1190 1157 Constitutis
1216 1085 1329 1156 semel

271 1201 431 1276 moribus
456 1201 551 1274 idem
570 1209 607 1273 et
624 1202 811 1298 aequabilis
835 1227 902 1299 per
918 1199 1039 1274 omnia
1056 1201 1254 1273 servandus
1271 1211 1330 1272 est

268 1323 386 1392 tenor.
448 1317 529 1391 Nisi
554 1317 651 1391 enim
678 1325 774 1393 esset
799 1320 838 1392 in
862 1319 1032 1392 humanis
1057 1315 1262 1391 actionibus
1289 1325 1330 1389 et

267 1437 306 1509 in
334 1462 460 1510 earum
488 1436 673 1534 principiis
702 1451 738 1511 et
769 1438 888 1511 causis
918 1437 1103 1533 aequabilis
1134 1460 1262 1508 cursus
1289 1445 1330 1508 et

269 1561 441 1628 constans
471 1555 673 1628 similitudo
702 1557 845 1627 nullum
875 1555 1024 1628 omnino
1052 1555 1172 1626 locum
1199 1556 1259 1626 vel
1289 1555 1329 1626 in

268 1669 374 1744 Poesi
397 1673 456 1744 vel
485 1671 524 1745 in
551 1671 711 1746 Scientia
738 1673 870 1746 habere
895 1683 1046 1769 possent
1073 1695 1206 1758 mores,
1234 1671 1328 1744 nibil

267 1787 463 1885 quiequam
507 1790 695 1885 prodesset
735 1787 903 1862 didicisse
943 1788 1030 1886 quid
1070 1788 1221 1860 fecerint
1263 1798 1329 1860 aut

268 1903 424 1979 dixerint
458 1905 623 1979 homines
656 1905 727 1978 uisi
757 1904 889 1978 exinde
916 1904 1097 2001 judicium
1131 1903 1209 1976 fieri
1242 1929 1327 2000 pos·

267 2028 324 2093 set
354 2022 442 2118 quid
476 2021 514 2095 in
550 2032 736 2120 posterum
766 2022 894 2095 dictari
928 2029 994 2096 aut
1027 2021 1160 2094 facturi
1190 2031 1325 2094 essent.

269 2139 503 2235 Quapropter
536 2139 753 2212 Aristoteles
787 2163 932 2212 morum
966 2137 1209 2212 constantiam
1242 2163 1326 2211 cum

267 2279 388 2327 rerum
410 2253 501 2329 serie
527 2255 783 2330 conferendam
806 2281 885 2329 esse
908 2265 1043 2342 censet,
1062 2255 1099 2327 in
1118 2279 1190 2351 qua
1215 2255 1326 2327 etiam

267 2397 396 2470 parum
423 2374 611 2470 prodesset
637 2373 899 2471 praeteritarum
924 2371 1074 2447 scientia
1099 2371 1170 2444 nisi
1193 2371 1327 2445 futuris

268 2489 472 2564 consimiles
497 2498 620 2565 essent
642 2491 742 2563 etde
768 2490 838 2563 illis
861 2489 1089 2586 conjectandi
1112 2489 1255 2562 facilem
1273 2491 1326 2561 lo·

267 2643 353 2691 cum
382 2622 593 2717 praeberent.
645 2620 711 2693 Est
741 2620 854 2717 igitur
882 2619 992 2693 etiam
1023 2620 1061 2691 in
1091 2618 1251 2692 moribus
1281 2607 1326 2689 τὸ

268 2735 365 2822 εἰκὸς
389 2734 413 2839 ἢ
436 2741 683 2841 ἀναγκαῖον“,
702 2751 793 2824 adeo
812 2760 853 2823 ut
872 2773 1034 2845 personae
1052 2747 1240 2845 cujusdam
1256 2747 1325 2820 dil·

267 2858 427 2933 lerentiis
462 2863 575 2934 semel
609 2861 804 2936 intellectis
845 2871 961 2936 ratam
990 2862 1068 2959 jam
1109 2861 1325 2934 haberemus

268 2976 312 3051 de
338 2978 401 3051 illa
425 2979 647 3076 opinionem.
699 2979 823 3054 Poetae
848 3005 942 3077 opus
971 2987 1028 3053 est
1054 2977 1140 3052 buic
1162 2977 1324 3076 opinioni
1355 3033 1363 3049 .

267 3120 406 3168 morem
432 3121 556 3192 gerere
581 3105 619 3170 et
644 3122 724 3170 earn
742 3099 969 3171 confirmare.
1023 3096 1130 3174 Quod
1161 3095 1193 3169 si
1221 3097 1325 3168 aliter

267 3215 390 3288 lecerit
423 3216 773 3290 verisimilitudinem
809 3217 860 3289 rei
899 3218 1101 3312 impugnat,
1138 3213 1323 3288 fastidium

267 3343 400 3420 movet,
420 3358 537 3430 neque
556 3333 634 3430 jam
659 3335 816 3432 amplius
840 3332 1004 3406 animum
1029 3331 1080 3404 ita
1106 3339 1323 3427 occupatum

266 3448 377 3522 habet
405 3456 449 3522 ut
479 3452 620 3523 erudire
647 3449 773 3547 possit.
827 3448 957 3544 Itaque
991 3447 1139 3542 subjicit
1168 3445 1322 3520 Criticns

266 3565 377 3641 etiam
392 3563 623 3661 inaequalium
641 3589 878 3662 personarum
895 3565 1078 3663 quandam
1101 3586 1180 3636 esse
1198 3587 1322 3660 perpe-

265 3693 370 3757 tuam
395 3682 688 3770 inconstantiam,
717 3681 778 3756 isti
807 3682 906 3755 enirn
936 3679 1003 3755 sibi
1034 3686 1205 3754 constant
1235 3679 1322 3751 dnm

265 3799 356 3874 nibil
374 3800 515 3875 ratione
531 3806 570 3874 et
581 3801 641 3874 via
653 3801 792 3874 faciunt
810 3807 920 3893 atque
936 3799 976 3870 in
994 3799 1063 3870 hoc
1080 3797 1160 3893 ipso
1179 3820 1202 3869 a
1219 3803 1323 3868 crete·

265 3917 315 3991 ris
333 3917 483 3992 distant.
538 3917 645 3991 Hanc
670 3919 831 4013 regulam
858 3940 1001 3990 summa
1026 3939 1112 3988 cnm
1140 3913 1211 3984 fide
1237 3935 1322 3984 con·

266 4035 423 4110 servavit
438 4035 634 4108 Homerus.
688 4033 760 4107 Seu
787 4032 937 4106 minoris
963 4057 1028 4105 seu
1055 4029 1201 4126 majoris
1227 4037 1323 4102 notae

266 4176 439 4247 pensem
468 4149 711 4250 prosequaris,
739 4153 777 4224 in
805 4152 886 4249 ipso
915 4151 1062 4248 incepto
1087 4148 1324 4220 innotescunt

265 4276 304 4341 et
329 4270 375 4343 ad
397 4271 509 4344 finem
532 4295 647 4367 usque
667 4269 779 4343 initiis
800 4269 875 4341 suis
899 4266 1133 4364 respondent.
1184 4265 1323 4337 Eadem

670 4417 692 4446 ¹²²
713 4409 807 4476 Poet,
822 4428 845 4467 c.
865 4425 910 4483 15.
