3058 4908
462 339 671 390 PMLECYIO
694 339 997 401 DECIMA-QUEM,
1187 329 1251 395 247

202 488 321 562 Iliada.
340 489 603 586 complectitur.
657 489 857 587 Utcunque
886 488 984 562 enim
1010 513 1150 586 magnae
1180 491 1254 565 sint

198 612 309 704 atque
326 631 527 680 numerosae
550 608 626 702 ejus
643 621 766 704 partes
789 607 880 680 nihil
897 616 953 680 est
970 607 1068 703 quod
1094 631 1167 680 nnn
1185 609 1253 681 sub

127 785 134 792 .
198 722 267 796 hac
296 725 404 810 cadit,
435 724 536 798 facile
566 724 678 820 igitur
705 731 784 799 tota
812 749 869 797 res
899 725 1010 797 simul
1040 736 1188 820 sumpta
1216 725 1254 797 in

197 847 436 938 conspectum
461 844 621 914 revocari
647 847 781 937 potest,
801 841 904 914 facile
929 841 1027 914 illem
1052 843 1112 914 vel
1137 848 1255 914 totam

199 960 418 1054 perlustrare
434 960 531 1032 valet
548 983 651 1032 mens
670 959 840 1046 humana,
855 959 913 1030 vel
931 959 976 1031 ab
994 982 1069 1034 una
1085 957 1131 1030 ad
1148 957 1254 1030 aliam

200 1084 341 1170 partem
364 1100 402 1149 se
423 1075 624 1148 transferre.
676 1073 813 1148 Nullus
840 1074 899 1147 hic
926 1075 1108 1148 memoriae
1128 1073 1252 1160 uisus;

199 1189 429 1287 inpromptu
453 1203 540 1266 sunt
563 1193 684 1266 omnia
705 1198 743 1263 et
764 1192 1005 1287 paratissima.
1059 1192 1113 1263 Ac
1138 1190 1253 1287 primo

199 1307 324 1381 statim
363 1308 453 1382 illud
492 1316 592 1404 patet
630 1331 675 1381 ex
712 1308 823 1381 unius
864 1306 1022 1380 huminis
1056 1307 1251 1392 iracundia,

200 1424 355 1498 Achillis
378 1426 525 1511 scilicet,
544 1433 676 1498 cuncta
700 1423 880 1520 profluere
903 1447 1020 1518 neque
1041 1435 1140 1496 extra
1155 1423 1253 1495 illam

199 1541 394 1614 terminari.
447 1542 491 1617 In
533 1542 605 1616 hoc
642 1542 789 1616 cardine
826 1541 946 1614 omnis
985 1564 1042 1614 res
1076 1547 1252 1614 versatur.

201 1657 283 1731 Hoc
300 1658 485 1732 communi
501 1649 647 1732 vinculo
672 1659 823 1754 singulae
846 1663 966 1755 partes
983 1657 1079 1730 inter
1095 1681 1133 1730 se
1151 1658 1252 1731 colli-

202 1783 334 1872 gantur
351 1786 388 1848 et
405 1776 443 1848 in
455 1799 573 1849 unum
590 1799 724 1872 corpus
741 1781 1022 1871 componuntur.
1060 1773 1129 1854 Est
1143 1774 1254 1872 igitur

199 1916 275 1964 una
291 1897 401 1988 etque
427 1891 581 1989 simplex
598 1893 720 1966 Actio.
773 1892 840 1966 Est
863 1891 973 1966 etiam
995 1891 1194 1988 perfectum
1217 1901 1254 1966 et

198 2008 334 2082 Totum
351 2008 524 2105 quiddam
541 2009 579 2080 in
596 2032 681 2082 suas
697 1993 819 2105 partes
838 2009 1137 2082 distribuendum.
1177 2007 1252 2081 Ha·

198 2125 261 2198 bet
274 2126 372 2198 enim
389 2123 609 2222 Principium
623 2149 742 2198 suum.
779 2125 899 2199 Causa
912 2127 1047 2200 etenim
1060 2125 1254 2199 iracundiae

197 2243 314 2328 istius,
329 2253 475 2338 accepta
492 2243 628 2315 sedicet
645 2244 691 2316 ab
709 2245 979 2339 Agamemnone
996 2242 1139 2338 injuria,
1157 2239 1265 2315 recte

199 2361 304 2436 istius
325 2362 453 2458 puncti
471 2361 587 2440 vicem
605 2361 724 2451 habet,
744 2363 873 2459 inquo
897 2369 1071 2459 tanquam
1091 2361 1131 2434 in
1151 2360 1254 2434 initio

199 2503 413 2576 magnarum
447 2503 569 2552 rerum
603 2479 778 2553 consistat
815 2480 969 2565 animus,
1004 2503 1122 2575 neque
1156 2478 1254 2574 quic·

201 2621 311 2693 quam
328 2595 425 2692 quod
442 2597 544 2692 prius
561 2595 608 2668 sit
625 2598 784 2692 requirat
796 2627 859 2668 :-

396 2765 444 2834 Ἐξ
458 2764 490 2820 οὗ
503 2766 533 2834 δὴ
547 2765 580 2820 τὸ
592 2771 682 2838 πρῶτα
696 2764 837 2835 διασῆμην
849 2763 969 2836 ἐρίσαντε

396 2861 528 2934 Ἀτρείδης
541 2884 570 2917 τε
583 2861 649 2930 ἅναξ
662 2861 769 2934 ἀνδρῶν,
784 2861 825 2915 καὶ
839 2861 894 2917 dior
906 2855 1046 2930 Ἀχιλλεῦς
1054 2861 1075 2911 “.

201 3003 410 3106 Certamina
435 3031 560 3080 rursus
591 3006 684 3079 inter
698 3004 858 3079 'Graecos
886 3009 923 3076 et
948 3002 1125 3099 Trojanos
1155 3024 1253 3074 com-

201 3120 322 3208 missa,
348 3123 501 3196 concilia
521 3132 771 3218 utrorumque,
796 3113 833 3193 et
855 3119 1093 3216 Trojanorum
1116 3142 1173 3191 res
1199 3142 1252 3190 se-

199 3237 327 3310 cundae
344 3238 461 3334 operis
485 3239 639 3312 mediam
656 3245 798 3335 partem
821 3262 886 3311 seu
904 3261 1036 3334 corpus
1054 3238 1251 3332 complent,

197 3362 235 3427 et
257 3355 302 3427 ab
320 3355 504 3429 iracundia
527 3357 597 3428 ista
613 3349 785 3452 tanquam
806 3379 828 3428 a
851 3355 1028 3452 principio
1055 3378 1119 3428 seu
1143 3377 1253 3427 causa

198 3472 428 3567 proveniunt.
483 3471 556 3546 Sed
579 3473 658 3546 haec
685 3497 829 3570 quoque
855 3473 1014 3547 seriatim
1038 3470 1250 3567 procedunt,

199 3598 237 3661 ct
258 3589 465 3662 ulteriorem
489 3589 685 3662 terminum
710 3599 886 3686 spectant.
939 3588 994 3660 Ex
1011 3587 1253 3683 Trojanorum

198 3705 351 3779 victoria
372 3705 533 3779 exoritur
549 3706 708 3780 Patrocli
731 3731 815 3803 erga
833 3705 980 3778 Graecos
997 3701 1252 3790 misericordie,

183 3821 364 3919 ⁴sequitur
381 3823 459 3919 ejus
476 3823 514 3896 in
533 3847 691 3920 pugnam
710 3824 838 3910 eritne,
858 3846 944 3895 mox
966 3821 1127 3917 ejusdem
1144 3843 1251 3892 more.

199 3937 298 4011 Hinc
323 3938 474 4013 Achillis
500 3941 554 4014 ira
577 3941 615 4014 in
642 3941 810 4014 vindictae
836 3939 1043 4035 cupidinem
1069 3937 1175 4023 cedit,
1198 3959 1252 4009 se-

198 4055 323 4151 quitur
340 4055 419 4153 ejus
437 4059 568 4146 exitus,
586 4057 828 4153 Trojanorum
855 4056 939 4152 fuga
965 4061 1003 4128 et
1029 4053 1141 4149 ipsius
1159 4052 1253 4126 Hec-

198 4171 286 4252 toris
312 4173 439 4270 caedes,
465 4175 504 4246 in
532 4200 606 4271 quo
629 4175 776 4248 demum
804 4180 938 4247 eventu
961 4170 1153 4246 conficitur
1176 4175 1255 4244 tota

642 4368 654 4392 ¹
675 4357 717 4418 Il.
734 4372 763 4418 Α.
781 4377 808 4438 7.
