3058 4908
483 342 694 393 Pnacserro
724 342 926 394 onoratur.
1171 333 1233 397 197

229 492 302 566 Sed
331 499 455 566 tamen
489 493 528 566 in
557 494 658 566 hisce
692 492 971 589 proprietatibus
1006 494 1233 566 recensendis

177 635 404 709 nequaquam
433 610 523 684 mihi
550 609 740 683 inanimo
768 616 824 683 est
850 609 985 683 Graecis
1012 608 1129 682 unicis
1157 607 1234 683 haec

178 728 299 824 omnia
315 729 509 802 vindicare.
551 727 590 800 Si
607 729 661 800 illi
679 734 845 800 naturam
864 733 900 798 et
917 736 1058 800 naturae
1075 727 1234 800 maxime

177 845 467 942 philosophicam
501 843 795 918 distributionem
834 843 984 916 feliciter
1017 843 1233 938 subsequuti

178 963 264 1051 sint,
284 964 396 1036 nolim
414 963 590 1036 affirmare
607 967 756 1035 caeteros
778 962 879 1034 nulla
896 985 941 1034 ex
964 971 1066 1057 parte
1083 963 1230 1034 eandem

177 1081 365 1177 attingere.
418 1079 514 1153 Illud
543 1059 679 1153 dixisse
704 1080 873 1167 sufficiat,
894 1079 991 1175 quod
1017 1089 1053 1152 et
1079 1080 1233 1151 fidenter

177 1201 271 1284 dico,
295 1199 333 1271 in
358 1198 459 1272 hisce
484 1197 653 1272 omnibus
681 1197 789 1271 simul
815 1197 970 1293 sumptis
996 1220 1070 1293 prae
1096 1196 1233 1270 caeteris
1254 1183 1263 1194 ⁸

130 1313 137 1322 ’
177 1317 335 1389 eminere
359 1317 523 1412 linguam
544 1315 720 1388 Graecam.
773 1313 868 1387 Aliis
893 1314 952 1386 vel
978 1312 1130 1411 penuria
1151 1337 1231 1386 ver-

176 1435 304 1507 borum
331 1441 397 1522 est,
426 1436 483 1507 vel
510 1455 639 1506 sensus
663 1432 858 1505 verborum
884 1432 992 1504 nimis
1023 1432 1166 1504 solutus
1196 1442 1233 1505 et

177 1551 365 1647 Analogiae
394 1575 534 1648 expers,
566 1551 625 1622 vel
655 1550 752 1645 quod
782 1573 1047 1645 nonnunquam
1077 1550 1120 1622 fit
1154 1550 1234 1645 ipsa

176 1668 281 1764 copia
303 1692 370 1742 sua
386 1669 565 1755 laborant,
583 1672 622 1741 et
639 1667 751 1739 nimio
769 1673 946 1762 apparatu
964 1666 1229 1764 opprimuntur.

178 1785 314 1859 Graecis
344 1787 451 1859 unice
481 1785 518 1858 in
546 1809 691 1858 summa
720 1785 826 1880 copia
856 1783 946 1857 mira
975 1793 1031 1857 est
1060 1783 1233 1880 loquendi

175 1903 344 1976 brevitas.
384 1902 531 1977 Interea
546 1901 726 1974 neminem
743 1903 855 1974 latere
872 1907 994 1997 potest
1011 1901 1233 1997 haudquam

176 2021 336 2094 diximus
357 2021 489 2116 linguae
513 2019 760 2094 excellentiam
778 2019 899 2092 Poetae
922 2020 1086 2117 apprime
1103 2019 1232 2092 utilem

173 2136 297 2210 fuisse.
352 2137 412 2210 Illi
442 2135 742 2233 Metaphorarurn
776 2135 891 2210 facilis
921 2160 1022 2222 usus,
1054 2135 1106 2210 illi
1140 2135 1230 2208 deri·

175 2255 284 2327 vandi
318 2265 356 2327 et
389 2253 631 2350 componendi
665 2255 853 2353 elegantia,
884 2253 936 2326 illi
970 2252 1232 2349 particularum

175 2370 280 2466 eopia
297 2377 335 2444 et
352 2380 408 2444 tot
424 2369 596 2467 loquendi
614 2371 826 2466 compendia
841 2369 1022 2468 praecipue
1042 2376 1207 2466 prosunt.

225 2487 319 2590 Haec
339 2487 451 2585 igitur
467 2487 633 2563 Homero
651 2512 733 2561 cum
752 2487 828 2560 suis
846 2489 1065 2562 communia.
1119 2487 1231 2559 Hisce

174 2611 297 2678 autem
328 2604 456 2700 positis
488 2599 649 2677 breviter
678 2603 900 2701 expedienda
934 2611 991 2677 est
1024 2601 1137 2676 altera
1168 2602 1233 2676 illa

176 2721 327 2818 quaestio
346 2723 391 2794 de
409 2731 508 2795 statu
525 2721 659 2818 liuguae
676 2720 902 2818 temporibus
920 2719 1132 2795 Homericis.

225 2838 330 2911 Patet
354 2837 468 2934 igitur
486 2839 565 2935 jam
583 2846 665 2912 tum
682 2839 838 2912 formam
855 2837 908 2910 illi
933 2844 971 2910 et
996 2837 1230 2910 stabilitatem

174 2954 383 3029 accrevisse.
438 2952 618 3038 Quaenam
644 2966 767 3029 autem
793 2957 872 3052 ejus
901 2953 1005 3027 initia
1035 2953 1230 3050 atquibus

173 3071 344 3167 madibus
361 3072 515 3144 formam
532 3072 640 3145 istam
667 3074 847 3170 acceperit
872 3072 1006 3144 frustm
1024 3069 1229 3168 quaerimus.

174 3188 318 3261 Desunt
334 3187 431 3262 unde
450 3195 560 3261 tantae
584 3189 776 3286 questioni
800 3189 1005 3262 satisfacere
1022 3211 1229 3285 possumus.

174 3307 233 3380 Ab
253 3306 499 3380 Orientalibus
516 3307 613 3380 illam
631 3306 845 3404 profluxisse
862 3307 975 3381 aiunt.
1027 3307 1232 3381 Esto-sed

172 3431 295 3498 tamen
330 3424 536 3498 Homericis
569 3425 795 3522 temporibus
831 3450 904 3498 non
938 3431 1083 3498 tantum
1114 3424 1230 3497 verbis

171 3543 235 3616 sed
259 3550 297 3616 et
324 3565 453 3615 norma
474 3551 513 3616 et
540 3543 660 3617 indole
688 3523 867 3616 sua'cum
892 3542 1141 3615 Orientalibus
1168 3541 1229 3614 vix

155 3655 367 3756 'quicquam
383 3658 512 3732 habuit
533 3685 737 3732 commune.
790 3661 906 3733 Aiunt
931 3663 1064 3734 iterum
1084 3665 1134 3746 (et
1152 3659 1229 3755 qui-

173 3776 257 3848 dem
274 3775 442 3848 credibile
463 3783 532 3866 est)
552 3802 617 3875 per
636 3777 813 3851 Graeciam
832 3777 1102 3851 disseminatam
1118 3776 1229 3848 fuisse

172 3893 217 3965 ab
243 3891 314 3965 ista
339 3891 496 3987 regione,
524 3895 562 3967 in
589 3918 661 3990 qua
685 3895 770 3966 vitae
796 3894 1004 3967 humanitas
1030 3892 1146 3989 prima
1171 3893 1228 3965 sui

170 4009 397 4083 incrementa
424 4011 574 4106 accepit,
604 4013 649 4084 ab
677 4011 840 4084 Australi
871 4009 1009 4084 scilicet
1037 4009 1228 4082 'l'hessaliae

170 4133 274 4224 parte
301 4150 366 4199 seu
384 4125 642 4217 Phthiotide⁰;
663 4129 770 4225 quod
795 4129 968 4201 siveram
987 4127 1046 4214 sit,
1066 4123 1229 4200 Coloniae

169 4242 249 4317 lstae
276 4267 357 4340 quae
384 4244 429 4316 ab
448 4242 599 4318 Oriente
625 4250 662 4317 et
679 4244 844 4342 AEgypto
870 4249 1084 4318 transvectae
1110 4245 1147 4316 in
1171 4244 1227 4317 his

483 4393 495 4422 ⁰
515 4383 674 4444 Dicaercb
694 4383 769 4444 Stat.
791 4382 916 4444 Gracia
