3096 4886
242 239 286 303 36
391 299 401 320 ,
580 253 797 308 ramusculo
818 258 957 308 mm

244 409 345 483 dacia
363 411 400 482 et
416 406 576 506 corporis
590 409 719 482 robore
731 432 806 506 prae
818 409 957 483 caeteris
971 410 1140 485 emineat.
1176 411 1303 509 longe

242 520 355 595 alium
372 519 476 594 nobis
494 545 616 616 regem
635 519 824 618 designant
841 521 903 594 illa
920 518 1099 596 Homerib

405 721 493 775 nette
507 717 530 774 δ’
543 717 611 774 οὕτω
625 719 692 789 ι’γὸν
705 722 777 774 οὔπω
790 716 847 774 ἴδον
859 720 1040 790 ὀφθαλμοῖσιν

405 814 467 869 ott’
482 813 550 868 orirer
563 817 683 886 γεραρόν
706 815 820 883 βασιλῆϊ
832 815 883 886 γὰρ
897 816 970 886 ἀνδρὶ
984 815 1075 870 ἔοικεν.

241 990 362 1066 virum
390 989 526 1064 scilicet
556 989 677 1064 divina
711 991 868 1087 quadam
893 989 1066 1064 facultate
1094 990 1300 1087 praeditum,

241 1117 279 1182 et
313 1107 373 1182 cui
406 1131 568 1204 personae
603 1131 748 1180 summa
782 1107 940 1200 dignitas
975 1112 1184 1180 accesserat.
1245 1105 1304 1178 Ex

123 1251 125 1256 ·
242 1225 371 1299 eodem
403 1224 517 1298 tonte·
538 1222 686 1321 profluit
721 1221 912 1320 epitheton
945 1221 1037 1296 illud
1071 1225 1129 1295 tot
1162 1220 1303 1296 vicibus

242 1361 472 1450 usurpatum,
493 1341 718 1449 διοτρεφέων
736 1339 946 1442 βασιλήων.
1005 1347 1083 1422 Nec
1100 1373 1186 1423 vero
1203 1349 1303 1422 illam

246 1468 328 1542 dico
342 1494 422 1566 quae
435 1466 611 1566 'l'yrannis
625 1467 841 1564 appellatur,
853 1466 892 1538 in
904 1491 976 1563 qua
986 1465 1121 1540 scilicet
1138 1490 1181 1539 ex
1193 1464 1302 1539 unius

245 1592 342 1658 nutu
367 1584 528 1681 pendent
553 1583 684 1656 omnia
737 1580 884 1655 Etenim
909 1581 1162 1678 Tyrannomrn
1188 1583 1303 1678 impe·

241 1699 338 1773 rium
367 1721 442 1771 non
468 1695 538 1770 nisi
562 1697 691 1770 multis
718 1703 847 1793 postea
875 1694 980 1769 annis
1009 1697 1049 1768 in
1075 1694 1217 1770 Graecia
1245 1695 1301 1767 in-

243 1812 401 1888 valuisse
434 1813 597 1910 locuples
631 1817 760 1886 auctor
793 1820 850 1885 est
886 1811 1154 1909 Thucydides⁰.
1221 1809 1302 1886 Nec

243 1955 332 2005 vero
371 1953 473 2026 reges
513 1937 605 2003 tunc
641 1927 817 2026 temporis
854 1926 1048 2024 imperium
1090 1928 1304 2002 exercebant

244 2049 369 2144 legum
379 2046 534 2120 vinculis
551 2045 787 2120 adstrictum:
814 2045 878 2118 vix
895 2044 993 2118 enim
1005 2045 1124 2120 adhuc
1141 2046 1187 2118 ad
1204 2069 1303 2118 com-

244 2164 429 2237 muniores
457 2163 543 2236 vitae
570 2186 660 2235 usus
687 2162 811 2256 legum
841 2161 1101 2235 authoritatem
1134 2161 1304 2236 adhibere

244 2278 457 2352 didicerant.
510 2277 664 2351 Constat
685 2283 809 2350 tamen
835 2300 1018 2350 summam
1042 2301 1165 2350 rerum
1192 2301 1303 2374 penes

245 2418 347 2491 reges
364 2392 488 2482 fuisse,
510 2393 573 2491 qui
589 2400 628 2466 et
644 2393 683 2466 in
699 2394 795 2468 bello
812 2404 850 2467 et
868 2395 906 2466 in
922 2418 1010 2490 pace
1027 2393 1304 2492 Rempublicam

244 2509 546 2585 administrabant
571 2515 610 2584 et
638 2511 796 2584 consiliis
823 2511 900 2584 suis
930 2511 1112 2608 regebant.
1163 2510 1305 2584 Eorum

245 2633 368 2702 autem
386 2633 548 2724 potestas
566 2650 641 2700 non
657 2633 736 2700 tom
751 2628 789 2699 vi
806 2638 870 2701 aut
881 2627 964 2724 jure
981 2627 1181 2716 constabat,
1193 2651 1304 2724 quam

245 2769 292 2819 ex
317 2744 426 2819 unico
456 2769 609 2820 suorum
638 2747 741 2819 cultu
771 2750 810 2818 et
836 2743 1065 2818 observantia
1097 2745 1302 2842 pendebat;

245 2868 325 2935 erat
341 2861 404 2935 illa
422 2887 504 2959 quae
519 2860 559 2934 in
576 2861 789 2959 periculosis
812 2859 1040 2958 temporibus
1059 2859 1103 2934 iis
1125 2862 1224 2934 ultro
1241 2862 1303 2935 de-

246 2977 374 3066 fertur,
402 2978 466 3075 qui
491 2977 530 3050 in
557 3003 597 3052 re
624 2979 782 3075 gerenda
806 2978 981 3076 prompti,
1008 2976 1109 3051 etin
1134 2977 1305 3054 adminis-

247 3097 377 3169 tranda
406 3097 557 3170 solertes
584 3102 694 3194 atque
721 3098 919 3194 prudentes
946 3105 1045 3170 sunt.
1096 3095 1153 3170 Eo
1181 3107 1305 3172 autem

244 3235 305 3286 res
330 3211 488 3285 deducta
510 3217 576 3299 est,
594 3218 639 3287 ut
663 3237 818 3311 regnum
841 3238 952 3287 suum
974 3237 1050 3286 non
1072 3219 1220 3288 tantum
1234 3213 1306 3311 ipsi

247 3333 332 3402 tuto
347 3335 583 3427 occuparent,
602 3332 665 3405 sed
689 3331 797 3404 etiam
818 3329 974 3429 posteris
995 3330 1203 3418 traderent;
1230 3355 1306 3406 non

249 3443 345 3518 enim
363 3445 466 3519 aliter
480 3444 728 3544 interpreteris
745 3448 836 3522 illud
854 3443 1001 3522 Poetaed

533 3619 668 3691 σκῆπτρον
680 3621 810 3692 ποτρῶἴοιι
822 3617 936 3691 ἄφθιτον
948 3617 1048 3683 olel,-

249 3817 367 3892 neque
384 3794 446 3868 illa
463 3817 544 3892 quae
561 3818 648 3870 mox
661 3796 707 3869 de
719 3796 846 3870 eodem
859 3805 1002 3893 sceptro
1015 3793 1307 3892 Agamemnonio

249 3909 366 4006 magis
389 3917 560 3984 accurate
581 3912 786 3987 traduntur.
837 3912 986 3986 Etenim
1008 3934 1084 3986 non
1105 3917 1252 3986 tantum
1268 3911 1308 3986 in

249 4023 328 4122 ipso
351 4049 436 4122 rege
459 4027 621 4101 divinam
642 4031 825 4128 quandam
847 4029 1056 4105 facultatem
1081 4028 1308 4105 admiraban-

306 4267 310 4274 '
330 4249 344 4292 l
365 4251 410 4314 Π.
424 4265 454 4314 Γ.
471 4263 526 4331 ι69.
678 4267 692 4300 ⁶
710 4257 779 4322 Lib.
793 4258 814 4321 ἰ.
829 4279 856 4325 c.
873 4286 914 4336 ¹3·
1046 4248 1062 4291 ἀ
1081 4257 1123 4322 ll.
1140 4273 1171 4324 u.
1185 4271 1229 4336 4⁶.
