3058 4902
516 334 728 384 amurcam
753 319 932 387 rroa'srrm.
1175 325 1238 390 335

235 481 280 556 In
298 479 351 556 25¹⁰
367 481 459 555 libro
485 481 581 555 idem
607 507 717 580 super
741 509 780 557 re
805 486 913 582 longe
930 485 1070 559 diversa
1094 486 1236 560 concio·

183 625 271 674 nem
282 599 417 686 habet;
441 599 567 672 eodem
582 605 705 672 tamen
722 601 835 674 animi
852 601 1004 676 consilio
1020 608 1064 676 ut
1082 604 1236 699 pruden-

183 717 274 789 tiam
290 713 514 812 experientia
539 725 785 811 comparatam
808 722 844 789 et
867 717 1103 814 provectioris
1119 718 1237 791 aetatis

184 832 444 906 authoritatem
462 853 537 928 praa
555 855 593 903 se
610 833 728 904 serens
745 832 885 906 caeteris
903 835 1122 908 moderetur.
1155 835 1237 908 Pari

183 950 296 1023 modo
318 949 357 1020 in
380 947 541 1021 4³⁰1ibro
564 953 602 1020 et
628 971 715 1022 suos
742 949 956 1023 adhortatur
980 957 1018 1024 et
1041 952 1236 1048 Agamem·

185 1067 272 1139 noni
289 1064 484 1162 respondet
498 1085 563 1134 :-

462 1193 502 1206 -·
516 1167 599 1221 πάλαι
610 1167 734 1236 πολέμων
747 1164 776 1221 sd
788 1167 862 1224 attha
870 1171 893 1223 ‘0

184 1268 243 1342 Ita
258 1267 311 1341 rei
326 1267 397 1363 ipsi
414 1290 640 1364 quaecunque
663 1268 711 1340 sit
728 1267 921 1341 adhibetur
936 1269 1119 1364 grandaevi
1141 1271 1236 1344 senis

184 1385 400 1458 authoritas,
453 1383 592 1456 Eodem
617 1407 702 1457 cum
727 1383 881 1457 artificio
901 1383 940 1456 in
962 1387 1011 1457 4²⁰
1027 1385 1119 1458 libro
1140 1385 1236 1480 Aga-

184 1501 389 1576 memnonis
430 1521 623 1596 personam
655 1500 763 1574 rebus
796 1499 974 1574 immiscet
1008 1501 1130 1575 Poeta.
1193 1502 1237 1575 In

184 1617 349 1690 oratione
365 1615 412 1688 ad
427 1615 577 1688 fratrem
594 1621 632 1688 et
653 1615 692 1689 in
715 1617 853 1690 coeteris
870 1641 951 1713 quae
973 1630 1176 1714 sequuntur
1191 1618 1238 1692 ad

184 1735 274 1809 alios
296 1732 476 1831 principes
501 1731 736 1807 concionibus
761 1733 996 1830 Imperatoris
1013 1733 1100 1831 vigil
1125 1741 1236 1832 atque

184 1858 347 1924 attentus
363 1849 505 1922 animus
528 1847 665 1945 passim
681 1871 721 1922 se
744 1849 876 1945 prodit.
929 1849 974 1922 In
990 1850 1148 1925 butema
1165 1875 1237 1947 qua

183 1963 342 2042 Menelai
359 1969 494 2040 vulnus
512 1967 677 2062 deplorat
700 1966 850 2040 caritate
870 1966 1034 2040 meminit
1056 1973 1237 2042 tamense

184 2107 263 2160 esse
281 2083 403 2180 magni
419 2081 598 2157 exercitus
616 2081 744 2155 ducem
759 2113 821 2155 :-

345 2212 394 2268 nat
407 2231 451 2266 nea
464 2208 620 2284 ἐλέγχιστος
633 2209 796 2282 πολυδίψιον
803 2209 903 2284 Ἀργος
918 2211 1046 2282 teotpqvt.

184 2330 347 2405 Caeteros
364 2329 477 2402 duces
501 2351 575 2401 non
592 2333 736 2401 tantum
761 2327 931 2401 hortatur
945 2333 989 2400 ut
1014 2327 1158 2401 ordines
1183 2330 1237 2401 in·
1299 2305 1302 2312 ¹

184 2455 328 2522 struant
345 2452 383 2519 et
402 2445 441 2518 in
463 2443 632 2542 praelium
653 2445 822 2530 educant,
843 2445 907 2516 sed
934 2444 1102 2538 objurgat
1125 2444 1237 2516 etiam

184 2571 222 2638 et
239 2563 344 2637 dictis
370 2568 545 2658 provocat
562 2585 636 2657 quo
658 2558 787 2632 fortius
814 2560 883 2632 sub
909 2559 987 2656 ejus
1007 2559 1119 2654 signis
1142 2560 1237 2632 bella

182 2685 366 2756 moveant.
428 2675 487 2750 Illi
519 2678 656 2751 interea
689 2700 757 2772 pro
792 2701 859 2749 suo
893 2675 1070 2772 cujusque
1104 2677 1235 2748 mentis

184 2795 334 2872 consilio
368 2794 520 2868 diversis
560 2794 678 2866 modis
717 2792 951 2889 respondent.
1018 2791 1234 2866 Idomeneus

183 2937 259 3012 prae
293 2935 332 2985 se
361 2909 432 2984 sert
465 2915 674 3008 promptam
702 2909 864 2981 veterani
896 2907 1025 2981 militis
1053 2906 1235 2982 fortitudi-

183 3055 289 3106 nem·
340 3129 469 3202 Ἀτρείδη,
483 3131 554 3198 μύλα
567 3127 667 3197 μέντοι
681 3127 748 3199 ἐγὼν
760 3127 860 3199 ἐρίηρος
874 3128 974 3199 &cipue

340 3223 485 3296 Ἐσσομαι,
500 3227 535 3282 ὣς
546 3223 577 3278 rd
589 3229 692 3294 πρῶτον
705 3223 821 3292 inimo
833 3224 875 3276 nui
888 3221 1027 3276 κατένευσα
1036 3227 1057 3277 ⁸.

184 3356 336 3452 Ulysses
365 3352 529 3425 honestae
558 3349 676 3422 laudis
703 3360 878 3446 appetens
906 3372 1001 3445 aegre
1026 3347 1094 3421 fert
1120 3372 1159 3421 se
1188 3349 1234 3421 ti-

184 3469 296 3544 moris
314 3477 378 3541 aut
394 3464 636 3541 cunctationis
653 3464 867 3537 insimulari.
915 3463 1108 3537 Sthenelus
1126 3461 1236 3535 etiam

184 3585 299 3680 magis
317 3581 577 3680 objurgationis
597 3579 788 3677 impatiens
806 3580 958 3676 superbe
975 3589 1012 3652 et
1029 3588 1238 3674 arroganter

185 3708 313 3776 contra
334 3700 445 3772 verba
468 3699 567 3772 facit.
619 3696 813 3770 Diomedes
838 3721 983 3770 summa
1008 3719 1091 3770 cum
1116 3697 1236 3768 obser·

184 3816 308 3890 nantia
323 3813 536 3911 Imperatori
561 3838 601 3887 se
626 3812 821 3900 submittit,
840 3812 954 3885 satius
977 3835 1055 3886 esse
1080 3811 1237 3884 innuens

183 3934 223 4006 in
248 3933 328 4030 ipsa
352 3955 479 4030 pugna
502 3938 650 4004 strenue
675 3930 816 4026 agendo
844 3928 977 4002 famam
1003 3953 1106 4002 suam
1133 3926 1237 4001 tueri.

185 4051 275 4123 Tam
292 4051 413 4146 dispar
430 4053 488 4122 est
504 4048 541 4120 in
559 4048 685 4120 eadem
703 4069 825 4142 repro
843 4045 993 4120 diversis
1011 4046 1239 4142 singulorum

185 4167 345 4241 consiliis
362 4174 401 4242 et
425 4190 468 4240 ea
493 4189 602 4262 quam
628 4163 697 4237 sibi
723 4170 987 4259 proposuerant
1004 4163 1088 4236 vitae
1113 4186 1242 4236 norma

225 4305 349 4366 ·11.u.
366 4323 433 4380 310.
552 4329 560 4342 ³
615 4301 813 4379 ⁴1bid.171.
1001 4298 1111 4360 ·1bid.
1128 4300 1195 4377 263.
