3058 4902
306 327 373 391 304
565 339 778 388 rfflnnorro
798 339 1035 390 nncrnaocrr
1047 341 1096 390 vr.

306 487 466 561 actiones
489 489 578 562 adeo
601 489 780 562 humanus
803 499 983 585 quatenus
1000 491 1048 563 ad
1064 488 1273 564 felicitatem
1299 500 1371 566 ant

307 615 487 689 miseriam
504 618 784 712 comparandam
801 615 955 690 faciant:
984 610 1068 689 ἐστὶ
1089 611 1249 710 μίμησις
1265 608 1369 714 πρά·

309 733 405 840 fetor
438 737 500 816 καὶ
538 737 626 832 βίου
665 739 727 816 καὶ
766 735 1000 835 εὐδαίμονιας
1041 739 1102 817 καὶ
1138 741 1366 838 κακοδαιμο-

307 861 386 947 νίας
395 857 414 947 ¹.
468 873 570 946 Nihil
586 898 651 969 per
673 897 712 946 se
734 875 857 947 valent
874 875 1024 970 egregie
1040 873 1153 946 animi
1170 875 1272 948 dotes
1296 888 1367 950 aut

305 1013 424 1063 mores
451 989 518 1063 rite
544 987 734 1085 compositi
759 989 829 1062 nisi
846 989 944 1085 quod
968 1015 1034 1086 per
1050 989 1132 1064 illos
1157 992 1203 1063 ad
1229 991 1366 1066 hones-

307 1117 382 1180 tam
402 1112 440 1180 et
461 1107 599 1180 selioem
624 1107 738 1179 vitam
759 1111 858 1178 recta
878 1105 974 1180 itur:
1002 1113 1151 1203 propter
1170 1108 1281 1182 finem
1303 1109 1367 1182 cni

306 1223 529 1318 assequendo
562 1223 639 1319 apti
672 1233 760 1296 sunt
792 1230 1016 1318 expetuntur
1045 1231 1082 1296 et
1110 1223 1230 1320 magni
1263 1227 1367 1298 aesti-

305 1351 463 1414 mantur.
523 1337 628 1412 Cedit
660 1339 783 1433 itaque
816 1340 898 1413 loco
931 1345 969 1414 et
1002 1339 1177 1436 dignitate
1217 1365 1367 1416 morum

306 1454 542 1530 conformatio
559 1453 644 1527 vitae
659 1454 777 1527 tenori
796 1465 834 1528 et
856 1457 990 1529 cursui.
1042 1459 1167 1554 Atque
1182 1457 1366 1532 hactenus

306 1572 452 1669 quidem
480 1578 589 1645 reete.
643 1570 715 1644 Sed
742 1573 930 1644 tamenin
957 1597 1149 1670 progressu
1176 1573 1365 1648 adfinem

305 1691 429 1788 potius
448 1713 557 1786 quam
577 1688 712 1784 inipso
735 1688 808 1760 fine
830 1695 1056 1784 occupantur
1072 1689 1214 1762 labores
1232 1691 1362 1778 nostri,

304 1806 343 1879 in
369 1805 577 1900 effingendis
604 1803 778 1891 moribus,
795 1805 834 1876 in
859 1805 1110 1903 componendo
1135 1805 1269 1879 mentis
1295 1806 1364 1880 ha-

304 1919 396 2010 bitu,
421 1927 459 1994 et
482 1921 522 1992 in
546 1919 774 1992 moderandis
800 1918 1032 2016 opinionibus
1057 1919 1190 1993 nostris
1215 1945 1363 1994 omnem

305 2036 379 2109 sere
396 2060 541 2132 operam
558 2037 749 2132 ponimus:
779 2035 933 2109 ulterius
950 2036 1118 2132 progredi
1135 2061 1210 2110 non
1229 2037 1359 2110 datur:

305 2177 380 2226 non
397 2153 507 2226 datur
521 2150 706 2247 placidum
727 2156 766 2224 et
787 2151 1025 2249 tranquillum
1044 2154 1168 2226 locum
1183 2153 1361 2242 obtinere,

304 2267 343 2342 in
369 2292 443 2364 quo
468 2269 636 2342 omnibus
662 2269 750 2341 satis
776 2269 988 2365 compositis
1014 2269 1105 2342 nihil
1125 2271 1224 2344 ultra
1247 2277 1364 2345 restat

306 2411 417 2484 quam
446 2385 509 2459 illa
537 2409 703 2459 exercere
733 2410 813 2481 quae
844 2386 891 2459 ad
918 2410 1026 2459 usum
1056 2385 1277 2482 jampridem
1307 2412 1363 2460 re·

304 2505 425 2602 posita
448 2512 547 2590 sunt,
571 2525 682 2599 quam
707 2501 858 2598 sagittas
884 2527 930 2575 ex
954 2501 1124 2598 pharetra
1149 2502 1363 2598 depromere

305 2627 343 2694 et
369 2620 415 2693 ad
442 2643 595 2714 scopum
621 2642 732 2691 suum
755 2618 919 2714 dirigere,
945 2619 1088 2715 qualem
1114 2619 1238 2692 locum
1264 2642 1361 2692 arro

304 2743 433 2833 gauter
450 2734 517 2808 sibi
533 2733 639 2829 fingit
657 2733 769 2809 Poeta
781 2767 845 2808 :—

397 2905 417 2936 “
427 2896 591 2976 Despicere
604 2897 685 2958 unde
698 2917 790 2977 queas
803 2898 888 2971 aiios,
904 2897 1076 2978 possimque
1089 2896 1193 2958 videre

424 2993 543 3066 Errare,
558 2999 651 3072 atque
663 2993 739 3054 riam
754 2993 892 3074 palantes
905 3013 1037 3074 querere
1052 2993 1131 3068 ritca,

426 3090 547 3150 (lentare
560 3089 691 3169 ingenio,
705 3089 888 3151 contendere
901 3089 1068 3162 nobilitate,

425 3183 540 3244 Noctes
553 3193 644 3264 atquo
658 3185 722 3245 dias
734 3185 791 3246 niti
806 3191 969 3266 prestante
982 3184 1084 3245 labore

422 3281 474 3340 Ad
486 3300 618 3342 summas
631 3301 782 3361 emergere
795 3302 878 3362 opes,
894 3301 1055 3362 rerumque
1070 3280 1160 3361 potiri
1169 3283 1218 3340 ¹.’'

303 3438 556 3513 Interveniunt
582 3445 627 3512 et'
642 3438 711 3512 iter
738 3439 934 3513 obstruunt
963 3415 1005 3512 et¹
1030 3463 1052 3512 a
1082 3441 1183 3512 recto
1210 3437 1358 3512 tramite

305 3557 523 3654 detorquent
547 3558 648 3630 mille
673 3557 823 3630 affectus
850 3564 888 3630 et
917 3557 1113 3654 appetitus.
1166 3555 1295 3651 Itaque
1320 3555 1360 3628 in

302 3683 539 3778 gubernando
558 3690 596 3754 et
618 3679 656 3754 in
682 3681 884 3776 effingendo
908 3679 1042 3754 mentis
1067 3677 1194 3752 habitu
1214 3677 1360 3752 virtutis

303 3805 341 3872 et
357 3797 437 3872 vitii
457 3798 649 3872 discrimen
673 3799 835 3893 ponitur.
889 3797 935 3869 In
952 3798 1079 3870 eodem
1105 3797 1187 3868 loco
1208 3793 1362 3869 aPoeta

304 3913 493 3989 erudiendi
529 3936 669 4001 sumus,
709 3937 777 3986 nec
816 3913 892 3986 sine
932 3935 1078 3986 summa
1120 3910 1364 3984 oblectatione

304 4041 491 4118 scientiam
509 4043 603 4116 hanc
620 4042 664 4115 ab
681 4041 744 4115 illo
769 4041 966 4138 accipimus
984 4047 1022 4113 et
1037 4033 1364 4114 haurimus-tort

302 4163 459 4264 μίμησις
475 4159 647 4267 πράξεως
659 4162 721 4242 καὶ
738 4159 799 4241 διὰ
815 4158 954 4260 ταύτην
965 4156 1137 4260 μάλιστα
1152 4163 1227 4239 τῶν
1237 4193 1357 4262 πρατ-

383 4356 392 4396 ¹
411 4343 508 4416 Arist.
521 4357 615 4429 Poct„
631 4377 657 4418 c.
672 4359 700 4418 6.
980 4365 1001 4391 ¹⁸
1018 4355 1188 4430 lumiol·
1205 4373 1232 4432 ²»
1246 4375 1274 4434 9·
