3096 4886
286 239 331 308 68
620 265 834 315 rnnrncrro
854 265 1006 326 onnam.

285 417 478 492 facultates
504 414 544 488 in
570 413 716 488 assiduo
742 413 818 488 sere
842 413 1007 510 periculo
1031 415 1280 501 versabantur,
1308 421 1347 488 et

285 535 346 609 ille
362 533 533 630 antiquus
551 557 631 606 mos
648 554 749 605 arma
770 531 936 627 gestandi
959 531 1101 604 lerociae
1123 531 1258 605 civium
1280 533 1346 604 tri·

286 652 453 725 buendus
478 641 585 737 estu
613 653 744 745 utpote
773 647 957 721 veteribus
984 646 1121 721 Gmcis
1150 672 1236 721 cum
1265 673 1344 722 om-

284 770 392 842 nibus
409 767 483 841 fere
499 764 662 839 barbaris
679 763 918 866 communiat
970 763 1052 836 Nec
1069 777 1156 837 varo
1178 765 1256 838 haec
1279 765 1343 836 ob-

287 892 399 972 stant,
426 892 464 958 et
487 895 617 958 caetera
644 883 748 979 siqua
774 881 848 976 sint
873 881 930 954 his
955 880 1097 968 similia,
1124 907 1197 979 quo
1223 881 1344 954 minus

287 1005 465 1078 affirmare
481 1002 600 1074 ausim
618 1002 657 1073 in
681 999 744 1072 illa
765 1024 912 1073 morum
935 1001 1165 1097 simplicitate
1187 1025 1262 1074 non
1284 1002 1343 1074 de

286 1118 398 1192 fuisse
427 1116 694 1190 humanitatem
722 1116 905 1213 quandam
938 1126 975 1190 et
1009 1120 1161 1190 cultum.
1211 1119 1345 1214 Neque

286 1235 357 1308 hoc
381 1241 458 1307 tam
485 1257 530 1305 ex
554 1232 706 1328 singulis
728 1232 829 1319 locis,
854 1257 964 1328 quam
984 1258 1030 1306 ex
1052 1233 1132 1330 ipso
1154 1239 1281 1307 tenore
1305 1243 1344 1308 ct

287 1375 398 1426 cursu
432 1349 714 1423 Homericorum
747 1349 950 1422 carminum
980 1351 1124 1445 probari
1152 1351 1273 1437 velim,
1305 1353 1344 1426 in

285 1467 418 1564 quibus
435 1467 466 1539 si
484 1467 686 1540 officiorum
706 1465 800 1539 ratio
825 1490 871 1538 ex
890 1467 958 1540 hac
980 1477 1045 1540 aut
1065 1468 1129 1539 illa
1150 1479 1253 1564 parte
1272 1467 1342 1540 im-

284 1583 444 1680 perfecta
460 1582 520 1667 sit,
540 1581 650 1654 habes
668 1587 793 1654 tamen
816 1591 913 1656 certe
935 1582 1133 1656 affectuum
1155 1584 1342 1680 incorrup-

284 1707 362 1773 tam
392 1698 649 1794 integritatem.
701 1697 795 1770 Tota
822 1699 1024 1795 prasertim
1050 1701 1214 1796 Odyssea
1243 1703 1342 1774 evol-

284 1815 402 1888 venda
418 1820 486 1888 est.
540 1813 594 1886 Ea
618 1814 793 1887 nimirum
816 1815 954 1911 passim
977 1817 1150 1902 invenies,
1169 1841 1250 1912 quae
1267 1841 1342 1891 non

196 1913 201 1920 ¹
284 1938 431 2004 tantum
456 1930 494 2002 in
520 1929 773 2026 permovendis
793 1929 977 2004 affectibus
994 1933 1129 2018 valent,
1148 1932 1212 2004 sed
1234 1931 1342 2006 etiam

284 2048 323 2121 in
340 2045 557 2144 castigandis
575 2053 613 2118 et
630 2045 847 2140 subigendis

338 2162 435 2235 Cum
465 2168 590 2234 autem
616 2161 679 2233 illa
708 2186 818 2257 quam
848 2162 929 2236 dico
957 2188 1102 2236 morum
1129 2164 1341 2260 simplicitas

284 2303 358 2350 non
375 2284 521 2350 tantum
538 2277 576 2349 iu
593 2276 718 2349 officiis
736 2279 907 2365 cernitur,
926 2280 990 2352 sed
1008 2287 1122 2352 totam
1136 2280 1210 2353 lere
1228 2281 1342 2356 vitam

284 2392 434 2479 effinxit,
462 2391 571 2488 digna
595 2397 652 2464 est
679 2417 790 2488 quam
814 2393 923 2467 etiam
948 2394 986 2467 in
1011 2396 1205 2470 levioribus
1234 2399 1342 2472 rebus

283 2511 434 2607 propius
475 2509 696 2584 intueamur.
749 2509 806 2581 Ex
850 2511 918 2582 hac
957 2521 1082 2584 autem
1114 2519 1218 2608 parte
1250 2515 1341 2587 illud

284 2629 407 2701 statim
433 2629 658 2714 obversatur,
673 2633 824 2723 ‘quanto
850 2627 890 2698 in
919 2628 1056 2700 honore
1082 2630 1215 2702 habitae
1240 2641 1343 2719 erant

283 2744 378 2818 vires
395 2750 434 2817 et
449 2745 561 2817 robur
577 2743 759 2840 corporis;
785 2744 826 2816 in
841 2741 885 2816 iis
898 2743 996 2816 enim
1011 2744 1115 2822 facile
1128 2747 1342 2844 superbiunt

285 2862 462 2948 homines,
489 2871 527 2933 et
552 2859 615 2934 ubi
641 2861 794 2956 paulum
817 2860 981 2955 provecti
1006 2871 1104 2950 sunt,
1132 2886 1217 2935 cum
1242 2887 1343 2938 reve-

284 2981 401 3051 rentia
420 2980 577 3075 quadam
603 2985 779 3074 tanquam
804 2977 952 3075 propitii
976 2953 1137 3052 numinis
1161 2981 1258 3055 dona
1280 3007 1342 3055 ex-

285 3094 437 3190 cipiunt.
490 3094 588 3168 Hinc
614 3094 675 3167 ille
709 3095 879 3168 ludorum
906 3106 944 3169 et
970 3098 1181 3193 campestris
1208 3098 1342 3172 exerci-

284 3208 436 3283 tationis
464 3233 578 3296 amor,
607 3219 705 3282 recte
738 3211 837 3283 enim
865 3217 1007 3284 veteres
1040 3213 1187 3286 militari
1220 3215 1342 3310 gloriae

286 3324 413 3421 praeire
438 3324 706 3399 arbitrabantur
730 3326 886 3400 venandi
911 3330 1087 3418 studium,
1115 3308 1256 3427 etipsa
1281 3331 1344 3406 illa

285 3443 433 3518 venatio
455 3442 500 3516 iis
523 3444 747 3538 temporibus
768 3445 904 3517 usitata
924 3445 1043 3519 bellici
1065 3447 1270 3520 certaminis
1294 3449 1343 3522 si·

286 3573 530 3648 militudinem
547 3573 676 3646 habuit
688 3565 812 3646 :-c’⁷ri
825 3563 1030 3671 κυνηγεσῖᾳ
1047 3563 1195 3669 ἐξιᾶσιν
1214 3571 1249 3645 oi
1269 3565 1344 3647 νεόι

286 3693 380 3800 πρὸς
407 3694 570 3796 μελέτην
608 3699 683 3774 τῶν
714 3697 929 3792 πολεμικῶν
963 3690 1154 3790 κινδύνων,
1182 3696 1244 3774 καὶ
1281 3696 1342 3776 ε’πὶ

288 3823 404 3927 θήρας
432 3823 611 3906 παντοίας
640 3820 705 3929 ἀφ’
739 3813 792 3900 ὧν
823 3819 1106 3926 ῥωμαλεώτεροι
1136 3823 1198 3902 καὶ
1229 3823 1341 3924 ὑγιει-

289 3943 435 4054 νότεροι
466 3950 656 4031 διετέλουν
668 3952 694 4032 ““.
756 3959 934 4057 Exempla
959 3959 1071 4035 babes
1103 3951 1181 4034 tam
1214 3959 1253 4033 in
1279 3961 1343 4035 illo
1441 3939 1448 3948 .

328 4191 459 4266 rma„
471 4191 493 4252 1.
507 4189 528 4250 i.
543 4212 569 4253 ο.
584 4202 610 4254 ι.
834 4195 857 4257 1.
871 4195 952 4255 un.

327 4271 424 4334 ovid.
445 4273 591 4334 amm
613 4273 795 4343 amorra„
875 4274 1070 4349 raama,
1082 4277 1103 4336 1.
1117 4276 1138 4337 i.
1153 4295 1179 4338 ο.
1197 4303 1236 4354 a
