3094 4898
293 305 336 368 86
624 322 839 372 rnmcsorro
860 321 1003 382 orrum.

294 493 374 540 rum
393 465 510 540 decies
532 465 685 560 repetita
704 463 825 536 habes.
877 461 1014 535 Eomm
1032 469 1156 535 autem
1177 460 1347 535 notitiam

292 585 337 656 ab
351 583 503 656 Oriente
521 582 559 654 iu
573 579 749 654 Graeciam
768 585 1013 652 transvectam
1030 601 1110 652 esse
1127 577 1344 676 accepimus.

292 700 387 772 Auri
403 710 440 772 et
457 697 594 794 argenti
608 721 696 770 usus
709 695 850 768 Cadmo
867 694 1095 781 tribuitur¹¹²3
1125 696 1221 780 ferri,
1242 694 1346 768 ldaeis

291 814 467 912 Dactylis.
520 813 675 908 Magnas
692 812 801 885 etiarn
818 836 905 908 opes
927 836 971 885 ex
995 809 1150 884 metallis
1166 811 1344 884 Tantalus

293 955 518 1028 comparasse
531 925 692 1016 dicitur,
708 929 812 1025 cujus
829 929 926 1001 filius
939 927 977 999 in
990 926 1240 1025 Peloponneso
1257 950 1343 1000 con·

293 1047 395 1121 sedit.
446 1045 578 1143 Neque
604 1044 763 1118 historiae
789 1043 899 1116 fidem
922 1044 1069 1117 incuso:
1098 1044 1191 1117 illud
1219 1050 1343 1116 tamen

161 1208 164 1214 ·
255 1261 257 1266 Ι
292 1171 447 1250 constat,
467 1187 541 1237 uon
558 1163 626 1236 nisi
645 1163 861 1236 mediocrem
884 1163 922 1235 in
940 1163 1039 1237 hisce
1055 1164 1162 1236 rebus
1179 1188 1343 1260 pmgres·

292 1305 375 1354 sum
393 1287 478 1354 ante
494 1279 640 1376 'Projani
657 1280 741 1352 belli
757 1257 924 1375 teminora
939 1279 1065 1354 fecisse
1079 1279 1235 1367 Graecos¹
1251 1305 1343 1354 non·

293 1399 382 1471 dum
407 1423 452 1471 ex
477 1423 566 1471 auro
592 1405 630 1472 et
655 1407 803 1492 argento
830 1396 1014 1492 signatum
1039 1421 1231 1470 nummum
1257 1422 1342 1471 con·

292 1515 448 1604 flabant;
468 1515 530 1588 sed
544 1525 690 1587 umatus
705 1513 818 1610 gratia
830 1511 928 1586 varie
945 1514 1122 1588 ambobus
1135 1515 1340 1589 utebantur.

292 1628 427 1703 Pocula
454 1654 499 1702 ex
526 1654 615 1702 auro
641 1630 737 1703 sacta
759 1630 975 1704 habebant⁰.
1026 1629 1142 1703 Arma
1167 1629 1276 1703 etiarn
1304 1637 1343 1704 et

290 1746 388 1842 ipsos
412 1746 645 1820 aediticiorum
672 1746 826 1842 parietes
851 1770 939 1820 auro
960 1753 998 1819 et
1022 1757 1174 1842 argento
1198 1747 1343 1821 decora·

290 1865 390 1951 bant,
410 1889 526 1963 neque
544 1864 657 1936 ullam
677 1864 807 1937 harum
833 1888 955 1937 rerum
981 1865 1141 1961 inopiam
1158 1874 1195 1939 et
1219 1865 1344 1962 pauci-

289 1985 403 2053 tatem
421 2005 466 2054 ex
484 1981 646 2055 Homero
672 1979 845 2077 suspicari
870 1979 999 2076 poesie.
1051 1981 1176 2054 Adeo
1200 1987 1344 2055 transeo

290 2121 370 2194 quae
383 2097 420 2170 in
435 2097 684 2170 communiore
701 2121 771 2169 usu
784 2097 904 2193 posita
920 2100 1029 2186 sunt;
1057 2123 1103 2170 ex
1121 2096 1190 2170 hac
1207 2099 1342 2171 etenim

289 2221 394 2311 parte
410 2214 550 2312 antiqui
569 2215 688 2288 Graeci
709 2239 795 2288 cum
812 2215 913 2286 nulla
928 2213 1000 2285 alia
1024 2223 1132 2308 gente
1150 2237 1342 2288 consense-

289 2337 387 2418 runt,
400 2355 515 2427 pauca
525 2332 619 2404 enim
632 2330 729 2427 apud
740 2331 829 2403 alios
844 2329 943 2402 AEris
956 2329 1208 2418 iustrumenta,
1223 2356 1344 2429 neque

288 2447 442 2522 libenter
458 2449 502 2522 iis
519 2453 676 2521 utuntur
687 2447 751 2520 ubi
768 2447 843 2520 acie
860 2451 899 2520 et
915 2446 996 2520 telis
1014 2448 1230 2520 acuminatis
1248 2473 1343 2546 opus

288 2580 355 2644 est.
409 2569 545 2644 Graecis
563 2575 691 2643 contra
707 2569 787 2665 ipsa
803 2591 903 2641 arma
919 2591 964 2640 ex
981 2591 1050 2640 aere
1063 2565 1341 2656 fabricabantur,

287 2689 365 2785 ipse
385 2689 539 2786 denique
561 2687 658 2760 ensis
678 2693 716 2758 et
743 2687 869 2768 hasta;
892 2693 928 2758 et
950 2683 1169 2757 incredibilis
1191 2709 1341 2782 prorsus

145 2827 150 2834 ·
287 2806 448 2878 exomni
473 2815 576 2902 parte
600 2804 709 2901 hujus
735 2803 874 2876 metalli
891 2827 992 2890 usus,
1012 2802 1102 2876 adeo
1128 2811 1171 2876 ut
1199 2804 1230 2876 si
1256 2828 1343 2878 vera

288 2933 374 2996 suut
402 2947 482 3021 quae
509 2921 672 2995 omnium
701 2921 900 2994 authorum
927 2943 1104 2992 consensu
1133 2918 1273 2993 dehac
1304 2947 1342 2994 re

287 3037 491 3123 traduntur,
511 3042 607 3109 certe
627 3041 704 3107 arte
726 3035 883 3132 quadam
899 3034 1004 3107 nobis
1028 3035 1253 3131 inexplorata
1275 3036 1342 3110 du·

286 3151 407 3223 ritiem
432 3157 469 3223 et
493 3152 605 3224 robur
624 3151 732 3224 aeneis
759 3152 834 3224 suis
860 3149 1110 3224 instrumentis
1134 3151 1340 3226 inurebant.

182 3341 189 3350 ,
288 3265 368 3340 Neo
393 3291 480 3340 vero
503 3267 586 3341 ferri
613 3291 702 3341 usus
728 3267 876 3362 ignotus
906 3270 984 3340 erat
996 3299 1005 3356 ;
1034 3266 1148 3340 nolim
1176 3269 1342 3343 arbitrari

287 3407 387 3456 aenea
413 3384 653 3456 instrumento
679 3383 801 3457 ferreis
828 3383 1030 3480 praetulisse
1057 3385 1095 3458 in
1122 3390 1276 3484 utraque
1302 3411 1342 3460 re

242 3533 244 3540 v
287 3524 388 3596 mque
405 3501 551 3597 peritos
570 3500 693 3597 potius
712 3501 893 3573 crederem
910 3501 1076 3574 nondum
1093 3501 1183 3574 satis
1200 3503 1239 3574 in
1257 3504 1341 3576 sub·

286 3616 419 3713 igendo
446 3627 482 3692 et
506 3619 677 3715 fingendo
704 3619 775 3691 hoc
801 3617 948 3691 metallo
976 3619 1192 3693 exercitatos
1218 3619 1339 3694 luisse.

287 3747 388 3822 Inter
414 3750 604 3822 thesauros
635 3771 727 3846 quos
760 3753 868 3820 vocat
901 3736 1075 3840 κειμήλια
1100 3747 1236 3822 serrum
1265 3751 1341 3848 ple-

286 3902 441 3975 rumque
473 3879 596 3951 locum
629 3876 749 3964 habet,
785 3883 823 3949 et
863 3877 1068 3972 appellatur
1100 3865 1341 3970 πολύκμητος

286 3998 454 4101 σίδηρος,
472 4030 546 4102 quo
563 4005 710 4103 quidem
730 4005 893 4101 epitheto
918 4005 1113 4100 significari
1128 4003 1250 4094 velim,
1268 4008 1340 4082 hoc

319 4246 341 4276 ²¹¹
356 4239 463 4308 Strui„
475 4237 495 4300 l.
507 4239 563 4300 xiv.
576 4259 605 4319 p.
617 4251 683 4310 θεας
710 4241 790 4300 Ptin.
872 4250 887 4279 ¹²
901 4240 1010 4313 Str-ot„
1025 4239 1046 4302 l.
1061 4238 1120 4300 xiv.
1133 4259 1162 4320 p.
1179 4249 1237 4300 680.

286 4315 336 4376 rii.
352 4337 378 4378 c.
393 4329 436 4383 56.
873 4329 884 4354 ⁰
901 4321 956 4379 Od.
972 4333 1004 4380 ο.
1019 4329 1060 4393 85,
1078 4319 1130 4379 loo.
