<?xml version="1.0" encoding="UTF-8"?>
<!DOCTYPE html PUBLIC "-//W3C//DTD XHTML 1.0 Transitional//EN"
    "http://www.w3.org/TR/xhtml1/DTD/xhtml1-transitional.dtd">
<html xmlns="http://www.w3.org/1999/xhtml" xml:lang="en" lang="en">
 <head>
  <title>
</title>
<meta http-equiv="Content-Type" content="text/html;charset=utf-8" />
  <meta name='ocr-system' content='tesseract 3.04.00' />
  <meta name='ocr-capabilities' content='ocr_page ocr_carea ocr_par ocr_line ocrx_word'/>
</head>
<body>
  <div class='ocr_page' id='page_1' title='image "./prlectionesacad00randgoog_0233.png"; bbox 0 0 3058 4908; ppageno 0'>
   <div class='ocr_carea' id='block_1_1' title="bbox 466 353 1260 418">
    <p class='ocr_par' dir='ltr' id='par_1_1' title="bbox 466 353 1260 418">
     <span class='ocr_line' id='line_1_1' title="bbox 466 353 1260 418; baseline 0.01 -8"><span class='ocrx_word' id='word_1_1' title='bbox 466 363 678 412; x_wconf 66' lang='lat' dir='ltr'><strong>Pamtncmo</strong></span> <span class='ocrx_word' id='word_1_2' title='bbox 697 363 992 413; x_wconf 67' lang='lat' dir='ltr'><strong>onorata-raam.</strong></span> <span class='ocrx_word' id='word_1_3' title='bbox 1194 353 1260 418; x_wconf 71' lang='lat'><strong>223</strong></span> 
     </span>
    </p>
   </div>
   <div class='ocr_carea' id='block_1_2' title="bbox 108 510 1262 1075">
    <p class='ocr_par' dir='ltr' id='par_1_2' title="bbox 108 510 1262 1075">
     <span class='ocr_line' id='line_1_2' title="bbox 202 510 1261 609; baseline 0 -23"><span class='ocrx_word' id='word_1_4' title='bbox 202 515 413 588; x_wconf 82' lang='lat' dir='ltr'><strong>laborasset.</strong></span> <span class='ocrx_word' id='word_1_5' title='bbox 467 510 562 586; x_wconf 82' lang='lat' dir='ltr'><strong>Cum</strong></span> <span class='ocrx_word' id='word_1_6' title='bbox 580 513 675 587; x_wconf 90' lang='lat' dir='ltr'><strong>enim</strong></span> <span class='ocrx_word' id='word_1_7' title='bbox 694 513 808 609; x_wconf 88' lang='lat' dir='ltr'><strong>Epica</strong></span> <span class='ocrx_word' id='word_1_8' title='bbox 823 512 947 586; x_wconf 87' lang='lat' dir='ltr'><strong>Poesis</strong></span> <span class='ocrx_word' id='word_1_9' title='bbox 974 511 1204 608; x_wconf 83' lang='lat' dir='ltr'><strong>grandiorem</strong></span> <span class='ocrx_word' id='word_1_10' title='bbox 1223 520 1261 586; x_wconf 91' lang='lat' dir='ltr'><strong>et</strong></span> 
     </span>
     <span class='ocr_line' id='line_1_3' title="bbox 202 629 1262 728; baseline 0 -25"><span class='ocrx_word' id='word_1_11' title='bbox 202 631 451 704; x_wconf 78' lang='lat' dir='ltr'><strong>venustiorem</strong></span> <span class='ocrx_word' id='word_1_12' title='bbox 477 636 683 724; x_wconf 91' lang='lat' dir='ltr'><strong>aucupatur</strong></span> <span class='ocrx_word' id='word_1_13' title='bbox 707 629 931 702; x_wconf 72' lang='lat' dir='ltr'><strong>excellentiae</strong></span> <span class='ocrx_word' id='word_1_14' title='bbox 956 629 1121 719; x_wconf 81' lang='lat' dir='ltr'><strong>somnam,</strong></span> <span class='ocrx_word' id='word_1_15' title='bbox 1150 655 1262 728; x_wconf 92' lang='lat' dir='ltr'><strong>quam</strong></span> 
     </span>
     <span class='ocr_line' id='line_1_4' title="bbox 204 745 1261 843; baseline -0.001 -23"><span class='ocrx_word' id='word_1_16' title='bbox 204 772 285 843; x_wconf 87' lang='lat' dir='ltr'><strong>quae</strong></span> <span class='ocrx_word' id='word_1_17' title='bbox 310 748 349 819; x_wconf 92' lang='lat' dir='ltr'><strong>in</strong></span> <span class='ocrx_word' id='word_1_18' title='bbox 367 745 553 820; x_wconf 90' lang='lat' dir='ltr'><strong>communi</strong></span> <span class='ocrx_word' id='word_1_19' title='bbox 569 747 647 818; x_wconf 90' lang='lat' dir='ltr'><strong>vita</strong></span> <span class='ocrx_word' id='word_1_20' title='bbox 671 747 807 843; x_wconf 89' lang='lat' dir='ltr'><strong>passim</strong></span> <span class='ocrx_word' id='word_1_21' title='bbox 825 746 1059 843; x_wconf 85' lang='lat' dir='ltr'>conspicitur,</span> <span class='ocrx_word' id='word_1_22' title='bbox 1077 747 1156 843; x_wconf 86' lang='lat' dir='ltr'><strong>pari</strong></span> <span class='ocrx_word' id='word_1_23' title='bbox 1177 771 1261 820; x_wconf 90' lang='lat' dir='ltr'><strong>con-</strong></span> 
     </span>
     <span class='ocr_line' id='line_1_5' title="bbox 108 862 1261 959; baseline 0.001 -23"><span class='ocrx_word' id='word_1_24' title='bbox 108 906 113 916; x_wconf 78' lang='lat'><strong>,</strong></span> <span class='ocrx_word' id='word_1_25' title='bbox 204 862 285 936; x_wconf 92' lang='lat' dir='ltr'><strong>silio</strong></span> <span class='ocrx_word' id='word_1_26' title='bbox 302 865 348 936; x_wconf 91' lang='lat' dir='ltr'><strong>ab</strong></span> <span class='ocrx_word' id='word_1_27' title='bbox 365 865 409 936; x_wconf 87' lang='lat' dir='ltr'><strong>iis</strong></span> <span class='ocrx_word' id='word_1_28' title='bbox 434 887 472 936; x_wconf 88' lang='lat' dir='ltr'><strong>se</strong></span> <span class='ocrx_word' id='word_1_29' title='bbox 492 863 636 951; x_wconf 89' lang='lat' dir='ltr'><strong>avertit,</strong></span> <span class='ocrx_word' id='word_1_30' title='bbox 655 887 812 959; x_wconf 91' lang='lat' dir='ltr'><strong>quorum</strong></span> <span class='ocrx_word' id='word_1_31' title='bbox 838 887 973 936; x_wconf 86' lang='lat' dir='ltr'><strong>errores</strong></span> <span class='ocrx_word' id='word_1_32' title='bbox 999 870 1037 936; x_wconf 91' lang='lat' dir='ltr'><strong>et</strong></span> <span class='ocrx_word' id='word_1_33' title='bbox 1053 863 1142 936; x_wconf 88' lang='lat' dir='ltr'><strong>vitia</strong></span> <span class='ocrx_word' id='word_1_34' title='bbox 1158 863 1261 937; x_wconf 86' lang='lat' dir='ltr'><strong>sami-</strong></span> 
     </span>
     <span class='ocr_line' id='line_1_6' title="bbox 203 979 1260 1075; baseline -0.002 -21"><span class='ocrx_word' id='word_1_35' title='bbox 203 981 284 1054; x_wconf 88' lang='lat' dir='ltr'><strong>liari</strong></span> <span class='ocrx_word' id='word_1_36' title='bbox 301 979 407 1053; x_wconf 92' lang='lat' dir='ltr'><strong>nimis</strong></span> <span class='ocrx_word' id='word_1_37' title='bbox 430 980 693 1053; x_wconf 89' lang='lat' dir='ltr'><strong>cousuetudine</strong></span> <span class='ocrx_word' id='word_1_38' title='bbox 718 985 901 1075; x_wconf 88' lang='lat' dir='ltr'><strong>comperta</strong></span> <span class='ocrx_word' id='word_1_39' title='bbox 923 979 1110 1053; x_wconf 85' lang='lat' dir='ltr'><strong>habemus.</strong></span> <span class='ocrx_word' id='word_1_40' title='bbox 1164 979 1260 1053; x_wconf 88' lang='lat' dir='ltr'><strong>Cum</strong></span> 
     </span>
    </p>
   </div>
   <div class='ocr_carea' id='block_1_3' title="bbox 206 1101 1262 1198">
    <p class='ocr_par' dir='ltr' id='par_1_3' title="bbox 206 1101 1262 1198">
     <span class='ocr_line' id='line_1_7' title="bbox 206 1101 1262 1198; baseline 0.002 -16"><span class='ocrx_word' id='word_1_41' title='bbox 206 1110 269 1184; x_wconf 92' lang='lat' dir='ltr'><strong>illa</strong></span> <span class='ocrx_word' id='word_1_42' title='bbox 290 1108 466 1198; x_wconf 89' lang='lat' dir='ltr'><strong>imitatur,</strong></span> <span class='ocrx_word' id='word_1_43' title='bbox 493 1115 538 1181; x_wconf 90' lang='lat' dir='ltr'><strong>ut</strong></span> <span class='ocrx_word' id='word_1_44' title='bbox 563 1108 774 1182; x_wconf 86' lang='lat' dir='ltr'><strong>Aristotelis</strong></span> <span class='ocrx_word' id='word_1_45' title='bbox 798 1109 917 1182; x_wconf 88' lang='lat' dir='ltr'><strong>verbis</strong></span> <span class='ocrx_word' id='word_1_46' title='bbox 945 1115 1037 1196; x_wconf 90' lang='lat' dir='ltr'><strong>utar,</strong></span> <span class='ocrx_word' id='word_1_47' title='bbox 1061 1101 1262 1196; x_wconf 70' lang='grc' dir='ltr'>βελτίονας·</span> 
     </span>
    </p>
   </div>
   <div class='ocr_carea' id='block_1_4' title="bbox 203 1235 1262 2036">
    <p class='ocr_par' dir='ltr' id='par_1_4' title="bbox 203 1235 1262 2036">
     <span class='ocr_line' id='line_1_8' title="bbox 203 1235 1259 1336; baseline 0.002 -27"><span class='ocrx_word' id='word_1_48' title='bbox 203 1235 278 1310; x_wconf 83' lang='grc' dir='ltr'><strong>τῶν</strong></span> <span class='ocrx_word' id='word_1_49' title='bbox 298 1237 374 1326; x_wconf 84' lang='grc' dir='ltr'>νῦν,</span> <span class='ocrx_word' id='word_1_50' title='bbox 393 1239 471 1336; x_wconf 89' lang='lat' dir='ltr'><strong>pari</strong></span> <span class='ocrx_word' id='word_1_51' title='bbox 494 1241 574 1335; x_wconf 86' lang='lat' dir='ltr'><strong>lege</strong></span> <span class='ocrx_word' id='word_1_52' title='bbox 594 1240 639 1312; x_wconf 91' lang='lat' dir='ltr'><strong>ab</strong></span> <span class='ocrx_word' id='word_1_53' title='bbox 660 1238 834 1316; x_wconf 91' lang='lat' dir='ltr'><strong>hodierna</strong></span> <span class='ocrx_word' id='word_1_54' title='bbox 854 1263 962 1312; x_wconf 88' lang='lat' dir='ltr'><strong>scena</strong></span> <span class='ocrx_word' id='word_1_55' title='bbox 979 1262 1017 1311; x_wconf 87' lang='lat' dir='ltr'><strong>se</strong></span> <span class='ocrx_word' id='word_1_56' title='bbox 1041 1245 1259 1327; x_wconf 89' lang='lat' dir='ltr'><strong>summovet,</strong></span> 
     </span>
     <span class='ocr_line' id='line_1_9' title="bbox 204 1355 1259 1453; baseline -0.001 -25"><span class='ocrx_word' id='word_1_57' title='bbox 204 1362 241 1429; x_wconf 92' lang='lat' dir='ltr'><strong>et</strong></span> <span class='ocrx_word' id='word_1_58' title='bbox 275 1355 488 1453; x_wconf 80' lang='lat' dir='ltr'><strong>antiquioris</strong></span> <span class='ocrx_word' id='word_1_59' title='bbox 522 1357 590 1429; x_wconf 86' lang='lat' dir='ltr'><strong>aevi</strong></span> <span class='ocrx_word' id='word_1_60' title='bbox 623 1381 796 1453; x_wconf 88' lang='lat' dir='ltr'><strong>personas</strong></span> <span class='ocrx_word' id='word_1_61' title='bbox 830 1357 870 1428; x_wconf 90' lang='lat' dir='ltr'><strong>in</strong></span> <span class='ocrx_word' id='word_1_62' title='bbox 899 1381 985 1429; x_wconf 90' lang='lat' dir='ltr'><strong>suos</strong></span> <span class='ocrx_word' id='word_1_63' title='bbox 1014 1380 1104 1430; x_wconf 84' lang='lat' dir='ltr'><strong>usus</strong></span> <span class='ocrx_word' id='word_1_64' title='bbox 1134 1356 1259 1429; x_wconf 89' lang='lat' dir='ltr'><strong>trahit.</strong></span> 
     </span>
     <span class='ocr_line' id='line_1_10' title="bbox 204 1472 1259 1569; baseline -0.001 -23"><span class='ocrx_word' id='word_1_65' title='bbox 204 1473 446 1547; x_wconf 82' lang='lat' dir='ltr'><strong>Concedimus</strong></span> <span class='ocrx_word' id='word_1_66' title='bbox 464 1473 561 1546; x_wconf 91' lang='lat' dir='ltr'><strong>enim</strong></span> <span class='ocrx_word' id='word_1_67' title='bbox 577 1475 744 1547; x_wconf 87' lang='lat' dir='ltr'><strong>lubenter</strong></span> <span class='ocrx_word' id='word_1_68' title='bbox 760 1474 855 1547; x_wconf 91' lang='lat' dir='ltr'><strong>hanc</strong></span> <span class='ocrx_word' id='word_1_69' title='bbox 871 1474 1015 1546; x_wconf 90' lang='lat' dir='ltr'><strong>veniam</strong></span> <span class='ocrx_word' id='word_1_70' title='bbox 1039 1472 1259 1569; x_wconf 79' lang='lat' dir='ltr'><strong>antiquitati,</strong></span> 
     </span>
     <span class='ocr_line' id='line_1_11' title="bbox 203 1591 1261 1689; baseline -0.002 -26"><span class='ocrx_word' id='word_1_71' title='bbox 203 1596 248 1663; x_wconf 93' lang='lat' dir='ltr'><strong>ut</strong></span> <span class='ocrx_word' id='word_1_72' title='bbox 272 1615 315 1664; x_wconf 90' lang='lat' dir='ltr'><strong>ea</strong></span> <span class='ocrx_word' id='word_1_73' title='bbox 340 1615 420 1689; x_wconf 86' lang='lat' dir='ltr'><strong>quae</strong></span> <span class='ocrx_word' id='word_1_74' title='bbox 446 1591 543 1664; x_wconf 83' lang='lat' dir='ltr'><strong>fama</strong></span> <span class='ocrx_word' id='word_1_75' title='bbox 568 1601 712 1664; x_wconf 85' lang='lat' dir='ltr'><strong>tantum</strong></span> <span class='ocrx_word' id='word_1_76' title='bbox 742 1591 845 1663; x_wconf 89' lang='lat' dir='ltr'><strong>nobis</strong></span> <span class='ocrx_word' id='word_1_77' title='bbox 872 1591 1018 1686; x_wconf 84' lang='lat' dir='ltr'><strong>cognita</strong></span> <span class='ocrx_word' id='word_1_78' title='bbox 1043 1597 1130 1663; x_wconf 91' lang='lat' dir='ltr'><strong>suut</strong></span> <span class='ocrx_word' id='word_1_79' title='bbox 1158 1614 1261 1664; x_wconf 90' lang='lat' dir='ltr'><strong>sauc-</strong></span> 
     </span>
     <span class='ocr_line' id='line_1_12' title="bbox 203 1705 1261 1803; baseline -0.001 -24"><span class='ocrx_word' id='word_1_80' title='bbox 203 1707 299 1779; x_wconf 91' lang='lat' dir='ltr'><strong>tiora</strong></span> <span class='ocrx_word' id='word_1_81' title='bbox 332 1713 371 1780; x_wconf 92' lang='lat' dir='ltr'><strong>et</strong></span> <span class='ocrx_word' id='word_1_82' title='bbox 404 1707 616 1803; x_wconf 86' lang='lat' dir='ltr'><strong>augustiora</strong></span> <span class='ocrx_word' id='word_1_83' title='bbox 648 1708 860 1782; x_wconf 85' lang='lat' dir='ltr'><strong>habeantur.</strong></span> <span class='ocrx_word' id='word_1_84' title='bbox 915 1705 1010 1779; x_wconf 86' lang='lat' dir='ltr'><strong>Sunt</strong></span> <span class='ocrx_word' id='word_1_85' title='bbox 1042 1706 1154 1803; x_wconf 86' lang='lat' dir='ltr'><strong>igitur</strong></span> <span class='ocrx_word' id='word_1_86' title='bbox 1183 1705 1261 1778; x_wconf 91' lang='lat' dir='ltr'><strong>Ho-</strong></span> 
     </span>
     <span class='ocr_line' id='line_1_13' title="bbox 204 1822 1262 1923; baseline 0.007 -28"><span class='ocrx_word' id='word_1_87' title='bbox 204 1822 328 1897; x_wconf 88' lang='lat' dir='ltr'><strong>merici</strong></span> <span class='ocrx_word' id='word_1_88' title='bbox 351 1823 492 1897; x_wconf 88' lang='lat' dir='ltr'><strong>Heroes</strong></span> <span class='ocrx_word' id='word_1_89' title='bbox 520 1848 594 1896; x_wconf 89' lang='lat' dir='ltr'><strong>non</strong></span> <span class='ocrx_word' id='word_1_90' title='bbox 620 1823 780 1920; x_wconf 84' lang='lat' dir='ltr'><strong>vulgaris</strong></span> <span class='ocrx_word' id='word_1_91' title='bbox 807 1822 957 1910; x_wconf 85' lang='lat' dir='ltr'><strong>notitiae,</strong></span> <span class='ocrx_word' id='word_1_92' title='bbox 985 1849 1058 1897; x_wconf 92' lang='lat' dir='ltr'><strong>nou</strong></span> <span class='ocrx_word' id='word_1_93' title='bbox 1085 1825 1130 1896; x_wconf 92' lang='lat' dir='ltr'><strong>de</strong></span> <span class='ocrx_word' id='word_1_94' title='bbox 1156 1824 1262 1923; x_wconf 82' lang='lat' dir='ltr'><strong>plebe</strong></span> 
     </span>
     <span class='ocr_line' id='line_1_14' title="bbox 204 1939 1168 2036; baseline 0.003 -25"><span class='ocrx_word' id='word_1_95' title='bbox 204 1939 384 2028; x_wconf 88' lang='lat' dir='ltr'><strong>homines,</strong></span> <span class='ocrx_word' id='word_1_96' title='bbox 403 1941 467 2015; x_wconf 89' lang='lat' dir='ltr'><strong>sed</strong></span> <span class='ocrx_word' id='word_1_97' title='bbox 483 1940 593 2013; x_wconf 88' lang='lat' dir='ltr'><strong>iidem</strong></span> <span class='ocrx_word' id='word_1_98' title='bbox 611 1940 684 2013; x_wconf 83' lang='lat' dir='ltr'><strong>fere</strong></span> <span class='ocrx_word' id='word_1_99' title='bbox 702 1940 747 2013; x_wconf 93' lang='lat' dir='ltr'><strong>de</strong></span> <span class='ocrx_word' id='word_1_100' title='bbox 765 1939 896 2036; x_wconf 90' lang='lat' dir='ltr'><strong>quibus</strong></span> <span class='ocrx_word' id='word_1_101' title='bbox 914 1939 1089 2036; x_wconf 86' lang='lat' dir='ltr'><strong>Virgilius</strong></span> <span class='ocrx_word' id='word_1_102' title='bbox 1105 1971 1168 2014; x_wconf 90' lang='lat'><strong>:—</strong></span> 
     </span>
    </p>
   </div>
   <div class='ocr_carea' id='block_1_5' title="bbox 182 2099 1264 3240">
    <p class='ocr_par' dir='ltr' id='par_1_5' title="bbox 362 2099 1083 2374">
     <span class='ocr_line' id='line_1_15' title="bbox 522 2099 1026 2180; baseline -0.002 -20"><span class='ocrx_word' id='word_1_103' title='bbox 522 2109 589 2145; x_wconf 88' lang='lat'><strong>—“</strong></span> <span class='ocrx_word' id='word_1_104' title='bbox 598 2099 694 2180; x_wconf 86' lang='lat' dir='ltr'><strong>pauci,</strong></span> <span class='ocrx_word' id='word_1_105' title='bbox 709 2120 783 2180; x_wconf 88' lang='lat' dir='ltr'><strong>quos</strong></span> <span class='ocrx_word' id='word_1_106' title='bbox 798 2119 902 2177; x_wconf 87' lang='lat' dir='ltr'><strong>aequus</strong></span> <span class='ocrx_word' id='word_1_107' title='bbox 916 2101 1026 2160; x_wconf 82' lang='lat' dir='ltr'><strong>amarit</strong></span> 
     </span>
     <span class='ocr_line' id='line_1_16' title="bbox 362 2195 1083 2277; baseline -0.003 -19"><span class='ocrx_word' id='word_1_108' title='bbox 362 2197 491 2277; x_wconf 83' lang='lat' dir='ltr'><strong>Jupiter,</strong></span> <span class='ocrx_word' id='word_1_109' title='bbox 508 2202 560 2258; x_wconf 87' lang='lat' dir='ltr'><strong>aut</strong></span> <span class='ocrx_word' id='word_1_110' title='bbox 574 2197 682 2256; x_wconf 88' lang='lat' dir='ltr'><strong>ardeus</strong></span> <span class='ocrx_word' id='word_1_111' title='bbox 696 2196 797 2256; x_wconf 84' lang='lat' dir='ltr'><strong>evexit</strong></span> <span class='ocrx_word' id='word_1_112' title='bbox 811 2195 848 2256; x_wconf 88' lang='lat' dir='ltr'><strong>ad</strong></span> <span class='ocrx_word' id='word_1_113' title='bbox 862 2196 974 2257; x_wconf 75' lang='lat' dir='ltr'><strong>aethera</strong></span> <span class='ocrx_word' id='word_1_114' title='bbox 989 2196 1083 2257; x_wconf 86' lang='lat' dir='ltr'><strong>virtus</strong></span> 
     </span>
     <span class='ocr_line' id='line_1_17' title="bbox 365 2293 594 2374; baseline 0.009 -21"><span class='ocrx_word' id='word_1_115' title='bbox 365 2294 431 2355; x_wconf 87' lang='lat' dir='ltr'><strong>Diis</strong></span> <span class='ocrx_word' id='word_1_116' title='bbox 445 2294 541 2374; x_wconf 85' lang='lat' dir='ltr'><strong>geniti</strong></span> <span class='ocrx_word' id='word_1_117' title='bbox 552 2293 594 2352; x_wconf 69' lang='lat'><strong>⁶.”</strong></span> 
     </span>
    </p>

    <p class='ocr_par' dir='ltr' id='par_1_6' title="bbox 182 2419 1264 3240">
     <span class='ocr_line' id='line_1_18' title="bbox 182 2419 1259 2529; baseline -0.001 -26"><span class='ocrx_word' id='word_1_118' title='bbox 182 2423 186 2432; x_wconf 83' lang='grc'><strong>’</strong></span> <span class='ocrx_word' id='word_1_119' title='bbox 256 2431 307 2504; x_wconf 91' lang='lat' dir='ltr'><strong>Hi</strong></span> <span class='ocrx_word' id='word_1_120' title='bbox 329 2437 414 2505; x_wconf 91' lang='lat' dir='ltr'><strong>suut</strong></span> <span class='ocrx_word' id='word_1_121' title='bbox 433 2456 523 2529; x_wconf 90' lang='lat' dir='ltr'><strong>quos</strong></span> <span class='ocrx_word' id='word_1_122' title='bbox 549 2433 627 2529; x_wconf 91' lang='lat' dir='ltr'><strong>ipse</strong></span> <span class='ocrx_word' id='word_1_123' title='bbox 650 2419 1123 2528; x_wconf 75' lang='lat' dir='ltr'><strong>nuncupat—Arorprdte&#39;ar</strong></span> <span class='ocrx_word' id='word_1_124' title='bbox 1145 2429 1259 2518; x_wconf 82' lang='grc' dir='ltr'>βασι-</span> 
     </span>
     <span class='ocr_line' id='line_1_19' title="bbox 204 2544 1263 2656; baseline 0.003 -26"><span class='ocrx_word' id='word_1_125' title='bbox 204 2544 538 2652; x_wconf 66' lang='grc' dir='ltr'>λῆας-Ἡμιθέων</span> <span class='ocrx_word' id='word_1_126' title='bbox 567 2552 675 2655; x_wconf 74' lang='grc' dir='ltr'>γένος</span> <span class='ocrx_word' id='word_1_127' title='bbox 711 2554 866 2655; x_wconf 83' lang='grc' dir='ltr'>ἀνδρῶν.</span> <span class='ocrx_word' id='word_1_128' title='bbox 918 2559 967 2632; x_wconf 82' lang='lat' dir='ltr'><strong>Et</strong></span> <span class='ocrx_word' id='word_1_129' title='bbox 1002 2559 1148 2656; x_wconf 87' lang='lat' dir='ltr'><strong>quidem</strong></span> <span class='ocrx_word' id='word_1_130' title='bbox 1183 2571 1263 2634; x_wconf 86' lang='lat' dir='ltr'><strong>rata</strong></span> 
     </span>
     <span class='ocr_line' id='line_1_20' title="bbox 199 2676 1264 2774; baseline 0.003 -26"><span class='ocrx_word' id='word_1_131' title='bbox 199 2677 277 2772; x_wconf 88' lang='lat' dir='ltr'><strong>jam</strong></span> <span class='ocrx_word' id='word_1_132' title='bbox 294 2678 383 2774; x_wconf 88' lang='lat' dir='ltr'><strong>lege,</strong></span> <span class='ocrx_word' id='word_1_133' title='bbox 404 2679 479 2752; x_wconf 90' lang='lat' dir='ltr'><strong>sive</strong></span> <span class='ocrx_word' id='word_1_134' title='bbox 503 2677 592 2752; x_wconf 93' lang='lat' dir='ltr'><strong>illud</strong></span> <span class='ocrx_word' id='word_1_135' title='bbox 616 2703 661 2751; x_wconf 87' lang='lat' dir='ltr'><strong>ex</strong></span> <span class='ocrx_word' id='word_1_136' title='bbox 680 2676 830 2750; x_wconf 91' lang='lat' dir='ltr'><strong>Homeri</strong></span> <span class='ocrx_word' id='word_1_137' title='bbox 848 2679 1015 2774; x_wconf 86' lang='lat' dir='ltr'><strong>exemplo</strong></span> <span class='ocrx_word' id='word_1_138' title='bbox 1033 2701 1097 2749; x_wconf 85' lang='lat' dir='ltr'><strong>seu</strong></span> <span class='ocrx_word' id='word_1_139' title='bbox 1116 2703 1161 2750; x_wconf 86' lang='lat' dir='ltr'><strong>ex</strong></span> <span class='ocrx_word' id='word_1_140' title='bbox 1183 2679 1264 2774; x_wconf 87' lang='lat' dir='ltr'><strong>ipsa</strong></span> 
     </span>
     <span class='ocr_line' id='line_1_21' title="bbox 203 2792 1261 2892; baseline 0.002 -26"><span class='ocrx_word' id='word_1_141' title='bbox 203 2792 255 2866; x_wconf 90' lang='lat' dir='ltr'><strong>rei</strong></span> <span class='ocrx_word' id='word_1_142' title='bbox 284 2805 416 2868; x_wconf 90' lang='lat' dir='ltr'><strong>natura</strong></span> <span class='ocrx_word' id='word_1_143' title='bbox 444 2797 663 2892; x_wconf 86' lang='lat' dir='ltr'><strong>provenerit,</strong></span> <span class='ocrx_word' id='word_1_144' title='bbox 692 2795 844 2890; x_wconf 88' lang='lat' dir='ltr'><strong>Tragica</strong></span> <span class='ocrx_word' id='word_1_145' title='bbox 873 2804 910 2867; x_wconf 89' lang='lat' dir='ltr'><strong>et</strong></span> <span class='ocrx_word' id='word_1_146' title='bbox 940 2793 1099 2866; x_wconf 90' lang='lat' dir='ltr'><strong>Heroica</strong></span> <span class='ocrx_word' id='word_1_147' title='bbox 1126 2795 1261 2884; x_wconf 91' lang='lat' dir='ltr'><strong>Poesis,</strong></span> 
     </span>
     <span class='ocr_line' id='line_1_22' title="bbox 204 2910 1262 3010; baseline 0.002 -28"><span class='ocrx_word' id='word_1_148' title='bbox 204 2934 285 3007; x_wconf 87' lang='lat' dir='ltr'><strong>quae</strong></span> <span class='ocrx_word' id='word_1_149' title='bbox 302 2910 341 2984; x_wconf 90' lang='lat' dir='ltr'><strong>in</strong></span> <span class='ocrx_word' id='word_1_150' title='bbox 358 2911 498 2985; x_wconf 90' lang='lat' dir='ltr'><strong>meliori</strong></span> <span class='ocrx_word' id='word_1_151' title='bbox 521 2919 624 3010; x_wconf 91' lang='lat' dir='ltr'><strong>parte</strong></span> <span class='ocrx_word' id='word_1_152' title='bbox 641 2923 844 2999; x_wconf 86' lang='lat' dir='ltr'><strong>versantur,</strong></span> <span class='ocrx_word' id='word_1_153' title='bbox 864 2911 909 2984; x_wconf 96' lang='lat' dir='ltr'><strong>ad</strong></span> <span class='ocrx_word' id='word_1_154' title='bbox 926 2915 1148 2984; x_wconf 88' lang='lat' dir='ltr'><strong>vetustatem</strong></span> <span class='ocrx_word' id='word_1_155' title='bbox 1166 2911 1262 2985; x_wconf 93' lang='lat' dir='ltr'><strong>ultro</strong></span> 
     </span>
     <span class='ocr_line' id='line_1_23' title="bbox 203 3027 1264 3127; baseline 0.002 -27"><span class='ocrx_word' id='word_1_156' title='bbox 203 3027 431 3124; x_wconf 79' lang='lat' dir='ltr'><strong>confugiunt,</strong></span> <span class='ocrx_word' id='word_1_157' title='bbox 452 3054 532 3127; x_wconf 85' lang='lat' dir='ltr'><strong>quae</strong></span> <span class='ocrx_word' id='word_1_158' title='bbox 554 3038 676 3103; x_wconf 88' lang='lat' dir='ltr'><strong>autem</strong></span> <span class='ocrx_word' id='word_1_159' title='bbox 695 3030 849 3102; x_wconf 91' lang='lat' dir='ltr'><strong>Poeseos</strong></span> <span class='ocrx_word' id='word_1_160' title='bbox 875 3028 1012 3124; x_wconf 89' lang='lat' dir='ltr'><strong>species</strong></span> <span class='ocrx_word' id='word_1_161' title='bbox 1035 3028 1073 3100; x_wconf 92' lang='lat' dir='ltr'><strong>in</strong></span> <span class='ocrx_word' id='word_1_162' title='bbox 1095 3029 1264 3102; x_wconf 92' lang='lat' dir='ltr'><strong>deteriori</strong></span> 
     </span>
     <span class='ocr_line' id='line_1_24' title="bbox 203 3143 1263 3240; baseline 0.003 -24"><span class='ocrx_word' id='word_1_163' title='bbox 203 3151 309 3240; x_wconf 88' lang='lat' dir='ltr'><strong>parte</strong></span> <span class='ocrx_word' id='word_1_164' title='bbox 332 3169 370 3218; x_wconf 87' lang='lat' dir='ltr'><strong>se</strong></span> <span class='ocrx_word' id='word_1_165' title='bbox 391 3153 572 3236; x_wconf 86' lang='lat' dir='ltr'><strong>exercent,</strong></span> <span class='ocrx_word' id='word_1_166' title='bbox 587 3147 785 3220; x_wconf 73' lang='lat' dir='ltr'><strong>&#39;Comicam</strong></span> <span class='ocrx_word' id='word_1_167' title='bbox 803 3146 883 3219; x_wconf 90' lang='lat' dir='ltr'><strong>dico</strong></span> <span class='ocrx_word' id='word_1_168' title='bbox 910 3152 947 3218; x_wconf 89' lang='lat' dir='ltr'><strong>et</strong></span> <span class='ocrx_word' id='word_1_169' title='bbox 966 3143 1169 3235; x_wconf 87' lang='lat' dir='ltr'><strong>Satiricam‚</strong></span> <span class='ocrx_word' id='word_1_170' title='bbox 1188 3171 1263 3219; x_wconf 85' lang='lat' dir='ltr'><strong>suae</strong></span> 
     </span>
    </p>
   </div>
   <div class='ocr_carea' id='block_1_6' title="bbox 203 3260 1263 3471">
    <p class='ocr_par' dir='ltr' id='par_1_7' title="bbox 203 3260 1263 3471">
     <span class='ocr_line' id='line_1_25' title="bbox 203 3260 1262 3359; baseline 0.003 -26"><span class='ocrx_word' id='word_1_171' title='bbox 203 3260 321 3333; x_wconf 85' lang='lat' dir='ltr'><strong>aetatis</strong></span> <span class='ocrx_word' id='word_1_172' title='bbox 338 3260 428 3335; x_wconf 90' lang='lat' dir='ltr'><strong>vitia</strong></span> <span class='ocrx_word' id='word_1_173' title='bbox 451 3263 687 3337; x_wconf 89' lang='lat' dir='ltr'><strong>insectantur.</strong></span> <span class='ocrx_word' id='word_1_174' title='bbox 740 3261 794 3336; x_wconf 86' lang='lat' dir='ltr'><strong>Ea</strong></span> <span class='ocrx_word' id='word_1_175' title='bbox 812 3287 919 3359; x_wconf 90' lang='lat' dir='ltr'><strong>porro</strong></span> <span class='ocrx_word' id='word_1_176' title='bbox 938 3273 1155 3359; x_wconf 86' lang='lat' dir='ltr'><strong>tempestate</strong></span> <span class='ocrx_word' id='word_1_177' title='bbox 1172 3288 1262 3336; x_wconf 92' lang='lat' dir='ltr'><strong>non·</strong></span> 
     </span>
     <span class='ocr_line' id='line_1_26' title="bbox 204 3373 1263 3471; baseline 0.004 -26"><span class='ocrx_word' id='word_1_178' title='bbox 204 3373 292 3446; x_wconf 90' lang='lat' dir='ltr'><strong>dum</strong></span> <span class='ocrx_word' id='word_1_179' title='bbox 310 3374 490 3471; x_wconf 88' lang='lat' dir='ltr'><strong>frequenti</strong></span> <span class='ocrx_word' id='word_1_180' title='bbox 507 3374 725 3448; x_wconf 87' lang='lat' dir='ltr'><strong>commercio</strong></span> <span class='ocrx_word' id='word_1_181' title='bbox 750 3385 788 3449; x_wconf 93' lang='lat' dir='ltr'><strong>et</strong></span> <span class='ocrx_word' id='word_1_182' title='bbox 805 3383 905 3448; x_wconf 90' lang='lat' dir='ltr'><strong>arcta</strong></span> <span class='ocrx_word' id='word_1_183' title='bbox 922 3375 1094 3448; x_wconf 88' lang='lat' dir='ltr'><strong>societate</strong></span> <span class='ocrx_word' id='word_1_184' title='bbox 1112 3377 1207 3449; x_wconf 91' lang='lat' dir='ltr'><strong>inter</strong></span> <span class='ocrx_word' id='word_1_185' title='bbox 1224 3400 1263 3449; x_wconf 89' lang='lat' dir='ltr'><strong>se</strong></span> 
     </span>
    </p>
   </div>
   <div class='ocr_carea' id='block_1_7' title="bbox 199 3490 1263 4525">
    <p class='ocr_par' dir='ltr' id='par_1_8' title="bbox 199 3490 1263 4525">
     <span class='ocr_line' id='line_1_27' title="bbox 203 3490 1263 3580; baseline 0.003 -19"><span class='ocrx_word' id='word_1_186' title='bbox 203 3491 262 3562; x_wconf 90' lang='lat' dir='ltr'><strong>usi</strong></span> <span class='ocrx_word' id='word_1_187' title='bbox 280 3501 367 3564; x_wconf 88' lang='lat' dir='ltr'><strong>sunt</strong></span> <span class='ocrx_word' id='word_1_188' title='bbox 385 3490 515 3580; x_wconf 85' lang='lat' dir='ltr'><strong>Graeci,</strong></span> <span class='ocrx_word' id='word_1_189' title='bbox 536 3493 697 3566; x_wconf 91' lang='lat' dir='ltr'><strong>nondum</strong></span> <span class='ocrx_word' id='word_1_190' title='bbox 719 3492 853 3566; x_wconf 83' lang='lat' dir='ltr'><strong>crebris</strong></span> <span class='ocrx_word' id='word_1_191' title='bbox 876 3493 1082 3565; x_wconf 88' lang='lat' dir='ltr'><strong>rumoribus</strong></span> <span class='ocrx_word' id='word_1_192' title='bbox 1106 3500 1143 3565; x_wconf 91' lang='lat' dir='ltr'><strong>et</strong></span> <span class='ocrx_word' id='word_1_193' title='bbox 1165 3493 1263 3566; x_wconf 86' lang='lat' dir='ltr'><strong>sarna</strong></span> 
     </span>
     <span class='ocr_line' id='line_1_28' title="bbox 202 3609 1262 3707; baseline 0.004 -29"><span class='ocrx_word' id='word_1_194' title='bbox 202 3631 326 3679; x_wconf 88' lang='lat' dir='ltr'><strong>rerum</strong></span> <span class='ocrx_word' id='word_1_195' title='bbox 353 3610 502 3682; x_wconf 84' lang='lat' dir='ltr'><strong>ardebat</strong></span> <span class='ocrx_word' id='word_1_196' title='bbox 521 3609 682 3683; x_wconf 86' lang='lat' dir='ltr'><strong>Graecia:</strong></span> <span class='ocrx_word' id='word_1_197' title='bbox 712 3609 880 3684; x_wconf 89' lang='lat' dir='ltr'><strong>credibile</strong></span> <span class='ocrx_word' id='word_1_198' title='bbox 905 3619 961 3684; x_wconf 89' lang='lat' dir='ltr'><strong>est</strong></span> <span class='ocrx_word' id='word_1_199' title='bbox 987 3610 1061 3683; x_wconf 92' lang='lat' dir='ltr'><strong>suis</strong></span> <span class='ocrx_word' id='word_1_200' title='bbox 1081 3634 1262 3707; x_wconf 91' lang='lat' dir='ltr'><strong>quemque</strong></span> 
     </span>
     <span class='ocr_line' id='line_1_29' title="bbox 203 3724 1261 3822; baseline 0.003 -26"><span class='ocrx_word' id='word_1_201' title='bbox 203 3724 393 3798; x_wconf 89' lang='lat' dir='ltr'><strong>annalibus</strong></span> <span class='ocrx_word' id='word_1_202' title='bbox 423 3735 639 3801; x_wconf 89' lang='lat' dir='ltr'><strong>contentum</strong></span> <span class='ocrx_word' id='word_1_203' title='bbox 664 3725 787 3813; x_wconf 87' lang='lat' dir='ltr'><strong>fuisse,</strong></span> <span class='ocrx_word' id='word_1_204' title='bbox 814 3727 947 3822; x_wconf 86' lang='lat' dir='ltr'><strong>exiguo</strong></span> <span class='ocrx_word' id='word_1_205' title='bbox 976 3751 1097 3799; x_wconf 89' lang='lat' dir='ltr'><strong>rerum</strong></span> <span class='ocrx_word' id='word_1_206' title='bbox 1128 3728 1261 3799; x_wconf 86' lang='lat' dir='ltr'><strong>aliena·</strong></span> 
     </span>
     <span class='ocr_line' id='line_1_30' title="bbox 201 3841 1262 3939; baseline 0.003 -25"><span class='ocrx_word' id='word_1_207' title='bbox 201 3863 287 3914; x_wconf 89' lang='lat' dir='ltr'><strong>rum</strong></span> <span class='ocrx_word' id='word_1_208' title='bbox 304 3841 425 3916; x_wconf 92' lang='lat' dir='ltr'><strong>studio</strong></span> <span class='ocrx_word' id='word_1_209' title='bbox 443 3853 480 3918; x_wconf 90' lang='lat' dir='ltr'><strong>et</strong></span> <span class='ocrx_word' id='word_1_210' title='bbox 497 3843 668 3917; x_wconf 87' lang='lat' dir='ltr'><strong>scientia:</strong></span> <span class='ocrx_word' id='word_1_211' title='bbox 693 3841 732 3914; x_wconf 91' lang='lat' dir='ltr'><strong>iu</strong></span> <span class='ocrx_word' id='word_1_212' title='bbox 749 3842 940 3916; x_wconf 87' lang='lat' dir='ltr'><strong>recentiori</strong></span> <span class='ocrx_word' id='word_1_213' title='bbox 956 3844 1080 3939; x_wconf 87' lang='lat' dir='ltr'><strong>itaque</strong></span> <span class='ocrx_word' id='word_1_214' title='bbox 1097 3841 1262 3917; x_wconf 90' lang='lat' dir='ltr'><strong>Historia</strong></span> 
     </span>
     <span class='ocr_line' id='line_1_31' title="bbox 202 3958 1262 4057; baseline 0.005 -27"><span class='ocrx_word' id='word_1_215' title='bbox 202 3959 312 4031; x_wconf 89' lang='lat' dir='ltr'><strong>nimis</strong></span> <span class='ocrx_word' id='word_1_216' title='bbox 330 3984 376 4032; x_wconf 84' lang='lat' dir='ltr'><strong>ex</strong></span> <span class='ocrx_word' id='word_1_217' title='bbox 401 3967 506 4057; x_wconf 84' lang='lat' dir='ltr'><strong>parte</strong></span> <span class='ocrx_word' id='word_1_218' title='bbox 524 3967 561 4033; x_wconf 91' lang='lat' dir='ltr'><strong>et</strong></span> <span class='ocrx_word' id='word_1_219' title='bbox 587 3985 632 4033; x_wconf 86' lang='lat' dir='ltr'><strong>ex</strong></span> <span class='ocrx_word' id='word_1_220' title='bbox 648 3960 730 4032; x_wconf 91' lang='lat' dir='ltr'><strong>loco</strong></span> <span class='ocrx_word' id='word_1_221' title='bbox 758 3958 902 4054; x_wconf 81' lang='lat' dir='ltr'><strong>singula</strong></span> <span class='ocrx_word' id='word_1_222' title='bbox 922 3958 1152 4055; x_wconf 89' lang='lat' dir='ltr'><strong>pendebant:</strong></span> <span class='ocrx_word' id='word_1_223' title='bbox 1181 3986 1262 4056; x_wconf 89' lang='lat' dir='ltr'><strong>quae</strong></span> 
     </span>
     <span class='ocr_line' id='line_1_32' title="bbox 201 4073 1261 4172; baseline 0.004 -26"><span class='ocrx_word' id='word_1_224' title='bbox 201 4073 357 4150; x_wconf 87' lang='lat' dir='ltr'><strong>Athenis</strong></span> <span class='ocrx_word' id='word_1_225' title='bbox 374 4077 567 4151; x_wconf 89' lang='lat' dir='ltr'><strong>notissima</strong></span> <span class='ocrx_word' id='word_1_226' title='bbox 584 4081 687 4150; x_wconf 89' lang='lat' dir='ltr'><strong>erant</strong></span> <span class='ocrx_word' id='word_1_227' title='bbox 705 4082 743 4148; x_wconf 94' lang='lat' dir='ltr'><strong>et</strong></span> <span class='ocrx_word' id='word_1_228' title='bbox 769 4074 999 4147; x_wconf 89' lang='lat' dir='ltr'><strong>celeberrima</strong></span> <span class='ocrx_word' id='word_1_229' title='bbox 1015 4085 1166 4172; x_wconf 90' lang='lat' dir='ltr'><strong>possent</strong></span> <span class='ocrx_word' id='word_1_230' title='bbox 1183 4101 1261 4150; x_wconf 88' lang='lat' dir='ltr'><strong>esse</strong></span> 
     </span>
     <span class='ocr_line' id='line_1_33' title="bbox 199 4174 1261 4292; baseline 0.004 -30"><span class='ocrx_word' id='word_1_231' title='bbox 199 4192 349 4289; x_wconf 86' lang='lat' dir='ltr'><strong>Argivis</strong></span> <span class='ocrx_word' id='word_1_232' title='bbox 367 4196 426 4268; x_wconf 91' lang='lat' dir='ltr'><strong>vel</strong></span> <span class='ocrx_word' id='word_1_233' title='bbox 452 4195 579 4292; x_wconf 87' lang='lat' dir='ltr'><strong>ignota</strong></span> <span class='ocrx_word' id='word_1_234' title='bbox 595 4196 653 4267; x_wconf 88' lang='lat' dir='ltr'><strong>vel</strong></span> <span class='ocrx_word' id='word_1_235' title='bbox 671 4193 775 4266; x_wconf 91' lang='lat' dir='ltr'><strong>nullo</strong></span> <span class='ocrx_word' id='word_1_236' title='bbox 801 4193 840 4265; x_wconf 92' lang='lat' dir='ltr'><strong>in</strong></span> <span class='ocrx_word' id='word_1_237' title='bbox 858 4194 940 4267; x_wconf 91' lang='lat' dir='ltr'><strong>loco</strong></span> <span class='ocrx_word' id='word_1_238' title='bbox 966 4174 1103 4266; x_wconf 83' lang='lat' dir='ltr'><strong>habita.</strong></span> <span class='ocrx_word' id='word_1_239' title='bbox 1156 4193 1261 4267; x_wconf 90' lang='lat' dir='ltr'><strong>Diffi-</strong></span> 
     </span>
     <span class='ocr_line' id='line_1_34' title="bbox 201 4309 1261 4408; baseline 0.002 -26"><span class='ocrx_word' id='word_1_240' title='bbox 201 4310 270 4382; x_wconf 88' lang='lat' dir='ltr'><strong>cile</strong></span> <span class='ocrx_word' id='word_1_241' title='bbox 295 4323 373 4386; x_wconf 89' lang='lat' dir='ltr'><strong>erat</strong></span> <span class='ocrx_word' id='word_1_242' title='bbox 399 4311 438 4385; x_wconf 93' lang='lat' dir='ltr'><strong>in</strong></span> <span class='ocrx_word' id='word_1_243' title='bbox 464 4322 568 4386; x_wconf 87' lang='lat' dir='ltr'><strong>tanta</strong></span> <span class='ocrx_word' id='word_1_244' title='bbox 592 4311 754 4385; x_wconf 89' lang='lat' dir='ltr'><strong>omniurn</strong></span> <span class='ocrx_word' id='word_1_245' title='bbox 779 4309 933 4399; x_wconf 78' lang='lat' dir='ltr'><strong>inscitia,</strong></span> <span class='ocrx_word' id='word_1_246' title='bbox 951 4310 990 4386; x_wconf 91' lang='lat' dir='ltr'><strong>in</strong></span> <span class='ocrx_word' id='word_1_247' title='bbox 1006 4315 1112 4384; x_wconf 90' lang='lat' dir='ltr'><strong>tanto</strong></span> <span class='ocrx_word' id='word_1_248' title='bbox 1137 4313 1261 4408; x_wconf 85' lang='lat' dir='ltr'><strong>singu·</strong></span> 
     </span>
     <span class='ocr_line' id='line_1_35' title="bbox 623 4444 842 4525; baseline -0.009 -19"><span class='ocrx_word' id='word_1_249' title='bbox 623 4445 766 4525; x_wconf 61' lang='lat' dir='ltr'><strong>anaqal,</strong></span> <span class='ocrx_word' id='word_1_250' title='bbox 780 4444 799 4504; x_wconf 86' lang='lat' dir='ltr'><strong>t.</strong></span> <span class='ocrx_word' id='word_1_251' title='bbox 815 4445 842 4504; x_wconf 82' lang='lat' dir='ltr'><strong>a.</strong></span> 
     </span>
    </p>
   </div>
   <div class='ocr_carea' id='block_1_8' title="bbox 0 0 1534 4908">
    <p class='ocr_par' dir='ltr' id='par_1_9' title="bbox 0 0 1534 4908">
     <span class='ocr_line' id='line_1_36' title="bbox 0 0 1534 4908; baseline 0 0"><span class='ocrx_word' id='word_1_252' title='bbox 0 0 1534 4908; x_wconf 95' lang='lat' dir='ltr'><strong> </strong></span> 
     </span>
    </p>
   </div>
  </div>
 </body>
</html>
