<?xml version="1.0" encoding="UTF-8"?>
<!DOCTYPE html PUBLIC "-//W3C//DTD XHTML 1.0 Transitional//EN"
    "http://www.w3.org/TR/xhtml1/DTD/xhtml1-transitional.dtd">
<html xmlns="http://www.w3.org/1999/xhtml" xml:lang="en" lang="en">
 <head>
  <title>
</title>
<meta http-equiv="Content-Type" content="text/html;charset=utf-8" />
  <meta name='ocr-system' content='tesseract 3.04.00' />
  <meta name='ocr-capabilities' content='ocr_page ocr_carea ocr_par ocr_line ocrx_word'/>
</head>
<body>
  <div class='ocr_page' id='page_1' title='image "./prlectionesacad00randgoog_0259.png"; bbox 0 0 3058 4908; ppageno 0'>
   <div class='ocr_carea' id='block_1_1' title="bbox 271 994 1157 1100">
    <p class='ocr_par' dir='ltr' id='par_1_1' title="bbox 271 994 1157 1100">
     <span class='ocr_line' id='line_1_1' title="bbox 271 994 1157 1100; baseline -0.007 -10"><span class='ocrx_word' id='word_1_1' title='bbox 271 997 622 1092; x_wconf 80' lang='lat' dir='ltr'><strong>PRAELEOTIO</strong></span> <span class='ocrx_word' id='word_1_2' title='bbox 665 994 1157 1100; x_wconf 71' lang='lat' dir='ltr'>DECIMA-ollium.</span> 
     </span>
    </p>
   </div>
   <div class='ocr_carea' id='block_1_2' title="bbox 596 1221 845 1232">
    <p class='ocr_par' dir='ltr' id='par_1_2' title="bbox 596 1221 845 1232">
     <span class='ocr_line' id='line_1_2' title="bbox 596 1221 845 1232; baseline -0.004 -1"><span class='ocrx_word' id='word_1_3' title='bbox 596 1221 845 1232; x_wconf 81' lang='lat'><strong>...-——-——-—-</strong></span> 
     </span>
    </p>
   </div>
   <div class='ocr_carea' id='block_1_3' title="bbox 184 1358 1384 1812">
    <p class='ocr_par' dir='ltr' id='par_1_3' title="bbox 187 1358 1240 1508">
     <span class='ocr_line' id='line_1_3' title="bbox 187 1358 1240 1508; baseline -0.003 -73"><span class='ocrx_word' id='word_1_4' title='bbox 187 1360 516 1508; x_wconf 85' lang='lat' dir='ltr'>UNIVERSAM</span> <span class='ocrx_word' id='word_1_5' title='bbox 555 1359 688 1434; x_wconf 85' lang='lat' dir='ltr'>Iliados</span> <span class='ocrx_word' id='word_1_6' title='bbox 728 1383 943 1457; x_wconf 79' lang='lat' dir='ltr'>compagem</span> <span class='ocrx_word' id='word_1_7' title='bbox 985 1358 1240 1456; x_wconf 84' lang='lat' dir='ltr'>compendiose</span> 
     </span>
    </p>

    <p class='ocr_par' dir='ltr' id='par_1_4' title="bbox 184 1477 1384 1812">
     <span class='ocr_line' id='line_1_4' title="bbox 268 1477 1240 1576; baseline -0.001 -25"><span class='ocrx_word' id='word_1_8' title='bbox 268 1480 347 1576; x_wconf 89' lang='lat' dir='ltr'>jam</span> <span class='ocrx_word' id='word_1_9' title='bbox 373 1477 680 1564; x_wconf 75' lang='lat' dir='ltr'>adumbravimuS,</span> <span class='ocrx_word' id='word_1_10' title='bbox 706 1477 759 1551; x_wconf 89' lang='lat' dir='ltr'>ita</span> <span class='ocrx_word' id='word_1_11' title='bbox 783 1489 825 1551; x_wconf 91' lang='lat' dir='ltr'>ut</span> <span class='ocrx_word' id='word_1_12' title='bbox 855 1479 945 1570; x_wconf 81' lang='lat' dir='ltr'>satis</span> <span class='ocrx_word' id='word_1_13' title='bbox 974 1485 1117 1552; x_wconf 87' lang='lat' dir='ltr'>constet</span> <span class='ocrx_word' id='word_1_14' title='bbox 1143 1503 1240 1574; x_wconf 90' lang='lat' dir='ltr'>quae-</span> 
     </span>
     <span class='ocr_line' id='line_1_5' title="bbox 185 1593 1384 1693; baseline 0 -25"><span class='ocrx_word' id='word_1_15' title='bbox 185 1620 271 1669; x_wconf 85' lang='lat' dir='ltr'>nam</span> <span class='ocrx_word' id='word_1_16' title='bbox 297 1596 522 1690; x_wconf 84' lang='lat' dir='ltr'>magnitudo,</span> <span class='ocrx_word' id='word_1_17' title='bbox 542 1593 742 1690; x_wconf 77' lang='lat' dir='ltr'>integritas,</span> <span class='ocrx_word' id='word_1_18' title='bbox 761 1602 871 1693; x_wconf 90' lang='lat' dir='ltr'>atque</span> <span class='ocrx_word' id='word_1_19' title='bbox 894 1596 1005 1668; x_wconf 88' lang='lat' dir='ltr'>etiarn</span> <span class='ocrx_word' id='word_1_20' title='bbox 1028 1595 1240 1692; x_wconf 85' lang='lat' dir='ltr'>simplicitas</span> <span class='ocrx_word' id='word_1_21' title='bbox 1380 1625 1384 1630; x_wconf 94' lang='lat'>·</span> 
     </span>
     <span class='ocr_line' id='line_1_6' title="bbox 184 1712 1238 1812; baseline -0.001 -26"><span class='ocrx_word' id='word_1_22' title='bbox 184 1715 256 1786; x_wconf 86' lang='lat' dir='ltr'>toti</span> <span class='ocrx_word' id='word_1_23' title='bbox 273 1713 372 1809; x_wconf 89' lang='lat' dir='ltr'>operi</span> <span class='ocrx_word' id='word_1_24' title='bbox 396 1712 604 1812; x_wconf 31' lang='lat' dir='ltr'>tribuenda!</span> <span class='ocrx_word' id='word_1_25' title='bbox 614 1712 681 1786; x_wconf 89' lang='lat' dir='ltr'>sit:</span> <span class='ocrx_word' id='word_1_26' title='bbox 710 1712 936 1809; x_wconf 86' lang='lat' dir='ltr'>singularum</span> <span class='ocrx_word' id='word_1_27' title='bbox 960 1712 1121 1809; x_wconf 88' lang='lat' dir='ltr'>partium</span> <span class='ocrx_word' id='word_1_28' title='bbox 1144 1713 1238 1787; x_wconf 91' lang='lat' dir='ltr'>ordi·</span> 
     </span>
    </p>
   </div>
   <div class='ocr_carea' id='block_1_4' title="bbox 181 1832 1242 4035">
    <p class='ocr_par' dir='ltr' id='par_1_5' title="bbox 181 1832 1240 2865">
     <span class='ocr_line' id='line_1_7' title="bbox 186 1832 1240 1928; baseline 0.001 -25"><span class='ocrx_word' id='word_1_29' title='bbox 186 1855 281 1918; x_wconf 90' lang='lat' dir='ltr'>nem,</span> <span class='ocrx_word' id='word_1_30' title='bbox 301 1855 507 1918; x_wconf 91' lang='lat' dir='ltr'>numerum,</span> <span class='ocrx_word' id='word_1_31' title='bbox 526 1840 635 1928; x_wconf 86' lang='lat' dir='ltr'>atque</span> <span class='ocrx_word' id='word_1_32' title='bbox 651 1833 788 1919; x_wconf 91' lang='lat' dir='ltr'>locum,</span> <span class='ocrx_word' id='word_1_33' title='bbox 809 1841 987 1927; x_wconf 89' lang='lat' dir='ltr'>quatenus</span> <span class='ocrx_word' id='word_1_34' title='bbox 1006 1841 1123 1904; x_wconf 89' lang='lat' dir='ltr'>totum</span> <span class='ocrx_word' id='word_1_35' title='bbox 1149 1832 1240 1905; x_wconf 93' lang='lat' dir='ltr'>illud</span> 
     </span>
     <span class='ocr_line' id='line_1_8' title="bbox 184 1935 1240 2046; baseline 0 -23"><span class='ocrx_word' id='word_1_36' title='bbox 184 1935 381 2045; x_wconf 81' lang='lat' dir='ltr'>complent,</span> <span class='ocrx_word' id='word_1_37' title='bbox 402 1974 470 2023; x_wconf 90' lang='lat' dir='ltr'>suo</span> <span class='ocrx_word' id='word_1_38' title='bbox 488 1949 665 2046; x_wconf 89' lang='lat' dir='ltr'>cujusque</span> <span class='ocrx_word' id='word_1_39' title='bbox 682 1950 803 2022; x_wconf 89' lang='lat' dir='ltr'>labore</span> <span class='ocrx_word' id='word_1_40' title='bbox 819 1948 922 2021; x_wconf 88' lang='lat' dir='ltr'>facile</span> <span class='ocrx_word' id='word_1_41' title='bbox 943 1950 1143 2022; x_wconf 86' lang='lat' dir='ltr'>eruendum</span> <span class='ocrx_word' id='word_1_42' title='bbox 1161 1975 1240 2024; x_wconf 89' lang='grc'><strong>1111</strong></span> 
     </span>
     <span class='ocr_line' id='line_1_9' title="bbox 185 2061 1239 2155; baseline 0.001 -16"><span class='ocrx_word' id='word_1_43' title='bbox 185 2065 354 2155; x_wconf 88' lang='lat' dir='ltr'>diximus,</span> <span class='ocrx_word' id='word_1_44' title='bbox 375 2061 477 2140; x_wconf 90' lang='lat' dir='ltr'>nein</span> <span class='ocrx_word' id='word_1_45' title='bbox 494 2073 624 2140; x_wconf 82' lang='lat' dir='ltr'>retem</span> <span class='ocrx_word' id='word_1_46' title='bbox 642 2066 800 2139; x_wconf 90' lang='lat' dir='ltr'>evidenti</span> <span class='ocrx_word' id='word_1_47' title='bbox 818 2067 920 2139; x_wconf 93' lang='lat' dir='ltr'>nimii</span> <span class='ocrx_word' id='word_1_48' title='bbox 938 2090 1015 2138; x_wconf 90' lang='lat' dir='ltr'>esse</span> <span class='ocrx_word' id='word_1_49' title='bbox 1033 2066 1239 2140; x_wconf 86' lang='lat' dir='ltr'>videremur</span> 
     </span>
     <span class='ocr_line' id='line_1_10' title="bbox 184 2182 1236 2280; baseline 0.001 -25"><span class='ocrx_word' id='word_1_50' title='bbox 184 2188 223 2255; x_wconf 95' lang='grc'>11</span> <span class='ocrx_word' id='word_1_51' title='bbox 239 2183 393 2280; x_wconf 89' lang='lat' dir='ltr'>operosi.</span> <span class='ocrx_word' id='word_1_52' title='bbox 447 2183 518 2255; x_wconf 90' lang='lat' dir='ltr'>Sed</span> <span class='ocrx_word' id='word_1_53' title='bbox 534 2189 657 2255; x_wconf 89' lang='lat' dir='ltr'>tamen</span> <span class='ocrx_word' id='word_1_54' title='bbox 675 2183 753 2256; x_wconf 89' lang='lat' dir='ltr'>haec</span> <span class='ocrx_word' id='word_1_55' title='bbox 770 2183 900 2256; x_wconf 89' lang='lat' dir='ltr'>iterum</span> <span class='ocrx_word' id='word_1_56' title='bbox 919 2183 1093 2279; x_wconf 83' lang='lat' dir='ltr'>cogitanti</span> <span class='ocrx_word' id='word_1_57' title='bbox 1110 2182 1236 2279; x_wconf 85' lang='lat' dir='ltr'>religio</span> 
     </span>
     <span class='ocr_line' id='line_1_11' title="bbox 185 2299 1239 2397; baseline 0.003 -26"><span class='ocrx_word' id='word_1_58' title='bbox 185 2307 323 2372; x_wconf 85' lang='grc'><strong>1111111</strong></span> <span class='ocrx_word' id='word_1_59' title='bbox 342 2307 444 2396; x_wconf 87' lang='lat' dir='ltr'>parte</span> <span class='ocrx_word' id='word_1_60' title='bbox 462 2299 618 2385; x_wconf 85' lang='lat' dir='ltr'>Fabulae,</span> <span class='ocrx_word' id='word_1_61' title='bbox 635 2323 679 2371; x_wconf 88' lang='grc'>111</span> <span class='ocrx_word' id='word_1_62' title='bbox 697 2323 768 2397; x_wconf 89' lang='lat' dir='ltr'>qua</span> <span class='ocrx_word' id='word_1_63' title='bbox 785 2307 914 2372; x_wconf 85' lang='lat' dir='ltr'>caetera</span> <span class='ocrx_word' id='word_1_64' title='bbox 937 2299 1060 2374; x_wconf 89' lang='lat' dir='ltr'>omnia</span> <span class='ocrx_word' id='word_1_65' title='bbox 1082 2300 1239 2397; x_wconf 89' lang='lat' dir='ltr'>pendere</span> 
     </span>
     <span class='ocr_line' id='line_1_12' title="bbox 181 2415 1237 2513; baseline 0.002 -25"><span class='ocrx_word' id='word_1_66' title='bbox 181 2415 359 2512; x_wconf 87' lang='lat' dir='ltr'>judicavit</span> <span class='ocrx_word' id='word_1_67' title='bbox 394 2415 644 2504; x_wconf 78' lang='lat' dir='ltr'>Aristoteles²,</span> <span class='ocrx_word' id='word_1_68' title='bbox 675 2440 786 2513; x_wconf 85' lang='lat' dir='ltr'>quarn</span> <span class='ocrx_word' id='word_1_69' title='bbox 819 2415 895 2512; x_wconf 92' lang='lat' dir='ltr'>ipse</span> <span class='ocrx_word' id='word_1_70' title='bbox 929 2416 1042 2490; x_wconf 89' lang='lat' dir='ltr'>totius</span> <span class='ocrx_word' id='word_1_71' title='bbox 1077 2416 1237 2512; x_wconf 85' lang='lat' dir='ltr'>corporis</span> 
     </span>
     <span class='ocr_line' id='line_1_13' title="bbox 186 2531 1239 2631; baseline 0 -25"><span class='ocrx_word' id='word_1_72' title='bbox 186 2534 289 2631; x_wconf 88' lang='lat' dir='ltr'>quasi</span> <span class='ocrx_word' id='word_1_73' title='bbox 307 2533 465 2606; x_wconf 84' lang='lat' dir='ltr'>animam</span> <span class='ocrx_word' id='word_1_74' title='bbox 478 2557 556 2607; x_wconf 90' lang='lat' dir='ltr'>esse</span> <span class='ocrx_word' id='word_1_75' title='bbox 573 2533 831 2628; x_wconf 87' lang='lat' dir='ltr'>pronuntiavit,</span> <span class='ocrx_word' id='word_1_76' title='bbox 848 2531 1038 2630; x_wconf 90' lang='lat' dir='ltr'>quicquam</span> <span class='ocrx_word' id='word_1_77' title='bbox 1057 2534 1239 2607; x_wconf 89' lang='lat' dir='ltr'>intactum</span> 
     </span>
     <span class='ocr_line' id='line_1_14' title="bbox 185 2649 1240 2748; baseline 0.002 -25"><span class='ocrx_word' id='word_1_78' title='bbox 185 2652 399 2747; x_wconf 85' lang='lat' dir='ltr'>relinquere.</span> <span class='ocrx_word' id='word_1_79' title='bbox 444 2649 572 2748; x_wconf 83' lang='lat' dir='ltr'>Itaque</span> <span class='ocrx_word' id='word_1_80' title='bbox 589 2651 785 2748; x_wconf 85' lang='lat' dir='ltr'>pleniorem</span> <span class='ocrx_word' id='word_1_81' title='bbox 803 2650 1031 2745; x_wconf 84' lang='lat' dir='ltr'>singulorum</span> <span class='ocrx_word' id='word_1_82' title='bbox 1048 2649 1240 2725; x_wconf 91' lang='lat' dir='ltr'>Librorum</span> 
     </span>
     <span class='ocr_line' id='line_1_15' title="bbox 185 2767 643 2865; baseline 0.002 -26"><span class='ocrx_word' id='word_1_83' title='bbox 185 2767 366 2865; x_wconf 88' lang='lat' dir='ltr'>Analysin</span> <span class='ocrx_word' id='word_1_84' title='bbox 378 2768 455 2864; x_wconf 90' lang='lat' dir='ltr'>jam</span> <span class='ocrx_word' id='word_1_85' title='bbox 474 2769 643 2864; x_wconf 86' lang='lat' dir='ltr'>suscipio.</span> 
     </span>
    </p>

    <p class='ocr_par' dir='ltr' id='par_1_6' title="bbox 186 2883 1242 4035">
     <span class='ocr_line' id='line_1_16' title="bbox 236 2883 1235 2982; baseline 0.001 -24"><span class='ocrx_word' id='word_1_86' title='bbox 236 2885 279 2958; x_wconf 92' lang='lat' dir='ltr'>L.</span> <span class='ocrx_word' id='word_1_87' title='bbox 304 2887 335 2958; x_wconf 94' lang='lat' dir='ltr'>l.</span> <span class='ocrx_word' id='word_1_88' title='bbox 364 2884 508 2959; x_wconf 92' lang='lat' dir='ltr'>Primus</span> <span class='ocrx_word' id='word_1_89' title='bbox 541 2886 664 2982; x_wconf 89' lang='lat' dir='ltr'>itaque</span> <span class='ocrx_word' id='word_1_90' title='bbox 694 2883 802 2958; x_wconf 88' lang='lat' dir='ltr'>Liber</span> <span class='ocrx_word' id='word_1_91' title='bbox 835 2909 963 2958; x_wconf 84' lang='lat' dir='ltr'>causas</span> <span class='ocrx_word' id='word_1_92' title='bbox 997 2885 1161 2959; x_wconf 88' lang='lat' dir='ltr'>continet</span> <span class='ocrx_word' id='word_1_93' title='bbox 1190 2910 1235 2959; x_wconf 86' lang='lat' dir='ltr'>ex</span> 
     </span>
     <span class='ocr_line' id='line_1_17' title="bbox 187 3002 1239 3100; baseline 0 -24"><span class='ocrx_word' id='word_1_94' title='bbox 187 3003 318 3100; x_wconf 90' lang='lat' dir='ltr'>quibus</span> <span class='ocrx_word' id='word_1_95' title='bbox 354 3009 485 3077; x_wconf 81' lang='lat' dir='ltr'>caetera</span> <span class='ocrx_word' id='word_1_96' title='bbox 517 3003 729 3076; x_wconf 86' lang='lat' dir='ltr'>deducenda</span> <span class='ocrx_word' id='word_1_97' title='bbox 761 3007 873 3092; x_wconf 73' lang='lat' dir='ltr'>sunt,</span> <span class='ocrx_word' id='word_1_98' title='bbox 917 3002 968 3076; x_wconf 89' lang='lat' dir='ltr'>ita</span> <span class='ocrx_word' id='word_1_99' title='bbox 1002 3012 1126 3077; x_wconf 87' lang='lat' dir='ltr'>autern</span> <span class='ocrx_word' id='word_1_100' title='bbox 1158 3004 1239 3078; x_wconf 90' lang='lat' dir='ltr'>illas</span> 
     </span>
     <span class='ocr_line' id='line_1_18' title="bbox 187 3119 1240 3216; baseline 0.001 -23"><span class='ocrx_word' id='word_1_101' title='bbox 187 3131 321 3195; x_wconf 87' lang='lat' dir='ltr'>tractat</span> <span class='ocrx_word' id='word_1_102' title='bbox 356 3119 478 3207; x_wconf 83' lang='lat' dir='ltr'>Poeta,</span> <span class='ocrx_word' id='word_1_103' title='bbox 514 3126 558 3193; x_wconf 91' lang='lat' dir='ltr'>ut</span> <span class='ocrx_word' id='word_1_104' title='bbox 591 3125 629 3192; x_wconf 89' lang='lat' dir='ltr'>et</span> <span class='ocrx_word' id='word_1_105' title='bbox 667 3119 755 3216; x_wconf 85' lang='lat' dir='ltr'>ipsae</span> <span class='ocrx_word' id='word_1_106' title='bbox 792 3119 879 3193; x_wconf 87' lang='lat' dir='ltr'>satis</span> <span class='ocrx_word' id='word_1_107' title='bbox 914 3120 1166 3206; x_wconf 85' lang='lat' dir='ltr'>discutiantur,</span> <span class='ocrx_word' id='word_1_108' title='bbox 1202 3126 1240 3194; x_wconf 91' lang='grc'>11</span> 
     </span>
     <span class='ocr_line' id='line_1_19' title="bbox 187 3236 1237 3334; baseline 0.001 -24"><span class='ocrx_word' id='word_1_109' title='bbox 187 3261 311 3310; x_wconf 87' lang='lat' dir='ltr'>earum</span> <span class='ocrx_word' id='word_1_110' title='bbox 328 3239 366 3310; x_wconf 92' lang='lat' dir='ltr'>vi</span> <span class='ocrx_word' id='word_1_111' title='bbox 382 3236 548 3334; x_wconf 86' lang='lat' dir='ltr'>protinus</span> <span class='ocrx_word' id='word_1_112' title='bbox 566 3237 689 3310; x_wconf 88' lang='lat' dir='ltr'>omnia</span> <span class='ocrx_word' id='word_1_113' title='bbox 714 3236 936 3311; x_wconf 87' lang='lat' dir='ltr'>commoveri</span> <span class='ocrx_word' id='word_1_114' title='bbox 961 3245 999 3312; x_wconf 87' lang='lat' dir='ltr'>et</span> <span class='ocrx_word' id='word_1_115' title='bbox 1023 3237 1237 3311; x_wconf 87' lang='lat' dir='ltr'>inflammari</span> 
     </span>
     <span class='ocr_line' id='line_1_20' title="bbox 186 3351 1237 3451; baseline 0.002 -25"><span class='ocrx_word' id='word_1_116' title='bbox 186 3353 388 3426; x_wconf 87' lang='lat' dir='ltr'>videantur.</span> <span class='ocrx_word' id='word_1_117' title='bbox 431 3351 600 3428; x_wconf 88' lang='lat' dir='ltr'>Delibata</span> <span class='ocrx_word' id='word_1_118' title='bbox 616 3353 729 3450; x_wconf 85' lang='lat' dir='ltr'>igitur</span> <span class='ocrx_word' id='word_1_119' title='bbox 745 3355 863 3428; x_wconf 86' lang='lat' dir='ltr'>verbis</span> <span class='ocrx_word' id='word_1_120' title='bbox 881 3379 991 3451; x_wconf 86' lang='lat' dir='ltr'>quarn</span> <span class='ocrx_word' id='word_1_121' title='bbox 1009 3354 1237 3451; x_wconf 88' lang='lat' dir='ltr'>paucissimis</span> 
     </span>
     <span class='ocr_line' id='line_1_21' title="bbox 186 3470 1241 3567; baseline -0.001 -23"><span class='ocrx_word' id='word_1_122' title='bbox 186 3471 301 3544; x_wconf 88' lang='lat' dir='ltr'>totius</span> <span class='ocrx_word' id='word_1_123' title='bbox 328 3470 446 3566; x_wconf 87' lang='lat' dir='ltr'>operis</span> <span class='ocrx_word' id='word_1_124' title='bbox 472 3494 616 3544; x_wconf 88' lang='lat' dir='ltr'>summo</span> <span class='ocrx_word' id='word_1_125' title='bbox 640 3479 751 3567; x_wconf 89' lang='lat' dir='ltr'>atque</span> <span class='ocrx_word' id='word_1_126' title='bbox 779 3491 918 3558; x_wconf 87' lang='lat' dir='ltr'>norma,</span> <span class='ocrx_word' id='word_1_127' title='bbox 947 3496 993 3544; x_wconf 91' lang='lat' dir='ltr'>ne</span> <span class='ocrx_word' id='word_1_128' title='bbox 1018 3473 1110 3544; x_wconf 84' lang='lat' dir='ltr'>forte</span> <span class='ocrx_word' id='word_1_129' title='bbox 1138 3481 1241 3543; x_wconf 88' lang='lat' dir='ltr'>extra</span> 
     </span>
     <span class='ocr_line' id='line_1_22' title="bbox 187 3565 1238 3683; baseline 0 -22"><span class='ocrx_word' id='word_1_130' title='bbox 187 3611 268 3662; x_wconf 86' lang='lat' dir='ltr'>eam</span> <span class='ocrx_word' id='word_1_131' title='bbox 297 3565 469 3683; x_wconf 76' lang='lat' dir='ltr'>evagetur</span> <span class='ocrx_word' id='word_1_132' title='bbox 502 3595 539 3660; x_wconf 88' lang='lat' dir='ltr'>et</span> <span class='ocrx_word' id='word_1_133' title='bbox 566 3588 790 3662; x_wconf 88' lang='lat' dir='ltr'>distrahatur</span> <span class='ocrx_word' id='word_1_134' title='bbox 817 3587 979 3662; x_wconf 90' lang='lat' dir='ltr'>Lectoris</span> <span class='ocrx_word' id='word_1_135' title='bbox 1009 3589 1163 3675; x_wconf 88' lang='lat' dir='ltr'>animus,</span> <span class='ocrx_word' id='word_1_136' title='bbox 1192 3589 1238 3661; x_wconf 87' lang='lat' dir='ltr'>ad</span> 
     </span>
     <span class='ocr_line' id='line_1_23' title="bbox 189 3703 1240 3802; baseline -0.003 -24"><span class='ocrx_word' id='word_1_137' title='bbox 189 3705 343 3780; x_wconf 87' lang='lat' dir='ltr'>Achillis</span> <span class='ocrx_word' id='word_1_138' title='bbox 373 3703 463 3777; x_wconf 87' lang='lat' dir='ltr'>iram</span> <span class='ocrx_word' id='word_1_139' title='bbox 499 3716 671 3802; x_wconf 84' lang='lat' dir='ltr'>tanquam</span> <span class='ocrx_word' id='word_1_140' title='bbox 706 3706 752 3778; x_wconf 88' lang='lat' dir='ltr'>ad</span> <span class='ocrx_word' id='word_1_141' title='bbox 785 3715 918 3778; x_wconf 88' lang='lat' dir='ltr'>metam</span> <span class='ocrx_word' id='word_1_142' title='bbox 952 3714 988 3778; x_wconf 91' lang='lat' dir='ltr'>et</span> <span class='ocrx_word' id='word_1_143' title='bbox 1022 3703 1240 3800; x_wconf 90' lang='lat' dir='ltr'>principium</span> 
     </span>
     <span class='ocr_line' id='line_1_24' title="bbox 187 3820 1242 3896; baseline -0.004 0"><span class='ocrx_word' id='word_1_144' title='bbox 187 3820 343 3896; x_wconf 78' lang='lat' dir='ltr'>festinat.</span> <span class='ocrx_word' id='word_1_145' title='bbox 396 3820 542 3895; x_wconf 87' lang='lat' dir='ltr'>Exarsit</span> <span class='ocrx_word' id='word_1_146' title='bbox 568 3833 693 3895; x_wconf 88' lang='lat' dir='ltr'>autem</span> <span class='ocrx_word' id='word_1_147' title='bbox 719 3821 781 3895; x_wconf 88' lang='lat' dir='ltr'>illa</span> <span class='ocrx_word' id='word_1_148' title='bbox 809 3847 854 3895; x_wconf 87' lang='grc'>111</span> <span class='ocrx_word' id='word_1_149' title='bbox 882 3821 1126 3896; x_wconf 86' lang='lat' dir='ltr'>controversia</span> <span class='ocrx_word' id='word_1_150' title='bbox 1148 3821 1242 3894; x_wconf 91' lang='lat' dir='ltr'>inter</span> 
     </span>
     <span class='ocr_line' id='line_1_25' title="bbox 187 3937 1147 4035; baseline -0.002 -23"><span class='ocrx_word' id='word_1_151' title='bbox 187 3937 369 4012; x_wconf 84' lang='lat' dir='ltr'>Achillem</span> <span class='ocrx_word' id='word_1_152' title='bbox 387 3939 508 4035; x_wconf 91' lang='lat' dir='ltr'>ipsum</span> <span class='ocrx_word' id='word_1_153' title='bbox 527 3945 565 4012; x_wconf 91' lang='grc'>11</span> <span class='ocrx_word' id='word_1_154' title='bbox 581 3939 896 4035; x_wconf 84' lang='lat' dir='ltr'>Agamemnonem</span> <span class='ocrx_word' id='word_1_155' title='bbox 914 3937 1070 4012; x_wconf 88' lang='lat' dir='ltr'>conflata</span> <span class='ocrx_word' id='word_1_156' title='bbox 1083 3962 1147 4010; x_wconf 93' lang='lat'>:-</span> 
     </span>
    </p>
   </div>
   <div class='ocr_carea' id='block_1_5' title="bbox 344 4097 1028 4271">
    <p class='ocr_par' dir='ltr' id='par_1_7' title="bbox 344 4097 1028 4271">
     <span class='ocr_line' id='line_1_26' title="bbox 346 4097 920 4174; baseline 0.003 -20"><span class='ocrx_word' id='word_1_157' title='bbox 346 4097 394 4168; x_wconf 74' lang='grc' dir='ltr'>Ἐξ</span> <span class='ocrx_word' id='word_1_158' title='bbox 408 4100 439 4155; x_wconf 79' lang='grc' dir='ltr'>οὗ</span> <span class='ocrx_word' id='word_1_159' title='bbox 453 4101 484 4171; x_wconf 64' lang='grc' dir='ltr'>δὴ</span> <span class='ocrx_word' id='word_1_160' title='bbox 498 4103 530 4155; x_wconf 82' lang='grc' dir='ltr'>τὰ</span> <span class='ocrx_word' id='word_1_161' title='bbox 543 4107 633 4174; x_wconf 84' lang='grc' dir='ltr'>πρῶτα</span> <span class='ocrx_word' id='word_1_162' title='bbox 647 4099 788 4171; x_wconf 73' lang='grc' dir='ltr'>διαστήτην</span> <span class='ocrx_word' id='word_1_163' title='bbox 801 4101 920 4174; x_wconf 71' lang='grc' dir='ltr'>ἐρίσαντε</span> 
     </span>
     <span class='ocr_line' id='line_1_27' title="bbox 344 4191 1028 4271; baseline 0 -19"><span class='ocrx_word' id='word_1_164' title='bbox 344 4195 478 4269; x_wconf 77' lang='grc' dir='ltr'>Ἀτρείδης</span> <span class='ocrx_word' id='word_1_165' title='bbox 490 4219 518 4252; x_wconf 81' lang='grc' dir='ltr'>τε</span> <span class='ocrx_word' id='word_1_166' title='bbox 532 4197 597 4266; x_wconf 74' lang='grc' dir='ltr'>ἅναξ</span> <span class='ocrx_word' id='word_1_167' title='bbox 611 4198 719 4271; x_wconf 74' lang='grc' dir='ltr'><strong><em>ἀνδρῶν,</em></strong></span> <span class='ocrx_word' id='word_1_168' title='bbox 734 4200 775 4253; x_wconf 79' lang='grc' dir='ltr'>καὶ</span> <span class='ocrx_word' id='word_1_169' title='bbox 789 4199 844 4255; x_wconf 74' lang='grc' dir='ltr'>δῖος</span> <span class='ocrx_word' id='word_1_170' title='bbox 856 4197 996 4269; x_wconf 75' lang='grc' dir='ltr'>Ἀχιλλεύς</span> <span class='ocrx_word' id='word_1_171' title='bbox 1006 4191 1028 4252; x_wconf 67' lang='lat'>¹³.</span> 
     </span>
    </p>
   </div>
   <div class='ocr_carea' id='block_1_6' title="bbox 269 4356 1162 4429">
    <p class='ocr_par' dir='ltr' id='par_1_8' title="bbox 269 4356 1162 4429">
     <span class='ocr_line' id='line_1_28' title="bbox 269 4356 1162 4429; baseline -0.006 -11"><span class='ocrx_word' id='word_1_172' title='bbox 269 4367 279 4389; x_wconf 88' lang='lat'><strong>¹</strong></span> <span class='ocrx_word' id='word_1_173' title='bbox 301 4358 399 4429; x_wconf 79' lang='lat' dir='ltr'>Poet,</span> <span class='ocrx_word' id='word_1_174' title='bbox 414 4375 440 4416; x_wconf 89' lang='grc'>1.</span> <span class='ocrx_word' id='word_1_175' title='bbox 456 4357 483 4418; x_wconf 88' lang='grc'>6.</span> <span class='ocrx_word' id='word_1_176' title='bbox 995 4356 1006 4389; x_wconf 66' lang='lat'>⁵</span> <span class='ocrx_word' id='word_1_177' title='bbox 1028 4357 1071 4416; x_wconf 85' lang='lat' dir='ltr'>Il.</span> <span class='ocrx_word' id='word_1_178' title='bbox 1089 4371 1118 4418; x_wconf 80' lang='lat' dir='ltr'>A,</span> <span class='ocrx_word' id='word_1_179' title='bbox 1135 4357 1162 4414; x_wconf 91' lang='grc'>6.</span> 
     </span>
    </p>
   </div>
   <div class='ocr_carea' id='block_1_7' title="bbox 0 0 1534 4908">
    <p class='ocr_par' dir='ltr' id='par_1_9' title="bbox 0 0 1534 4908">
     <span class='ocr_line' id='line_1_29' title="bbox 0 0 1534 4908; baseline 0 0"><span class='ocrx_word' id='word_1_180' title='bbox 0 0 1534 4908; x_wconf 95' lang='lat' dir='ltr'> </span> 
     </span>
    </p>
   </div>
  </div>
 </body>
</html>
