3058 4902
511 314 721 364 rnnnncrro
744 317 1005 368 necrus-sorr.
1221 310 1285 374 825

232 466 387 544 παλαιοὶ
406 463 565 566 νομίζειν
573 467 593 564 ¹,
613 485 651 548 et
668 477 872 551 Homerum
889 479 1055 575 protinus
1072 480 1170 554 citat.
1205 481 1285 555 Me·

232 598 312 661 tum
328 588 477 685 insuper
492 588 596 664 istius
614 590 677 688 qui
700 593 805 666 nobis
829 595 937 689 longe
960 595 1007 669 sit
1029 597 1191 692 superior
1208 622 1282 671 non

230 703 465 778 inhonestum
494 730 571 780 esse
602 711 827 805 pronuntiat,
860 715 1034 807 tanquam
1065 711 1155 784 illud
1185 737 1282 786 arro-

230 820 362 917 gantiae
396 822 444 896 sit
477 847 553 896 non
592 823 815 898 fortitudinis
853 850 940 899 cum
979 825 1175 922 potentiori
1208 852 1281 902 cer·

463 1363 505 1374 -
516 1335 638 1405 Tudridpr
651 1335 673 1391 δ’
688 1335 827 1406 ἀνεχάζετο
839 1334 933 1392 τυτθὸν
946 1335 1063 1402 ὀπίσσω,

384 1431 469 1499 lirim
481 1430 638 1502 ἀλευάμενος
651 1433 814 1502 Ικατηβολου
829 1429 997 1490 ’Λπόλλωνος
1005 1445 1027 1488 “.

277 1575 429 1652 Restant
446 1580 582 1654 nobiles
608 1580 660 1652 illi
685 1582 835 1655 effectus
857 1581 988 1679 quibus
1013 1582 1058 1655 ed
1077 1584 1278 1656 communi·

225 1698 339 1767 tatem
355 1693 439 1767 vitre
457 1696 633 1769 tuendam
657 1703 695 1769 et
720 1697 766 1769 ed
791 1698 908 1772 officia
934 1698 1168 1772 humanitatis
1194 1725 1276 1795 pro-

224 1809 391 1904 pellimur
403 1841 412 1898 ;
444 1812 570 1910 quales
593 1819 692 1900 sunt,
711 1813 893 1902 Amicitia,
912 1815 972 1886 vel
994 1814 1141 1888 Amoris
1166 1815 1277 1890 insitu

224 1927 291 2012 vis,
309 1924 571 2015 Misericordia,
591 1927 809 2024 Indignatio.
854 1928 1027 2002 Amicitia
1043 1930 1189 2026 quidem
1206 1933 1276 2006 vir·

224 2042 313 2116 tutis
338 2043 494 2140 speciem
514 2044 636 2133 habet,
656 2045 718 2118 sed
744 2070 789 2118 ex
815 2046 949 2120 effectu
965 2046 1078 2119 animi
1104 2047 1218 2122 oritur
1236 2059 1274 2126 et

222 2160 366 2256 pendet,
386 2161 449 2258 qui
466 2161 613 2259 quidem
629 2163 782 2237 effectus
799 2165 966 2238 omnium
981 2164 1157 2238 latissime
1173 2173 1274 2263 patet

222 2287 259 2350 et
276 2276 454 2351 curiorum
471 2279 555 2353 vitae
580 2279 781 2354 officiorum
798 2279 880 2353 lons
906 2291 962 2353 est
980 2280 1108 2354 unicus
1133 2288 1171 2354 et
1196 2307 1273 2355 sus·

221 2394 456 2468 tentaculum.
521 2394 628 2468 Hauc
657 2395 734 2490 ejus
762 2395 898 2469 variam
929 2405 965 2468 et
998 2396 1071 2470 lete
1104 2397 1273 2472 diffusum

221 2508 296 2582 vim
312 2509 413 2582 omni
430 2535 475 2585 ex
492 2521 596 2607 perte
613 2509 842 2606 prosequitur
859 2510 1053 2584 Homerus.

224 2643 229 2650 '
269 2637 415 2712 Amoris
449 2640 513 2736 qui
547 2641 642 2712 inter
675 2645 847 2734 cognatos
881 2637 1071 2711 intercedit
1109 2632 1272 2730 (κηδείαν

219 2761 351 2829 vocant
378 2753 509 2840 Graeci)
538 2755 639 2828 nulla
664 2754 764 2828 deest
796 2753 945 2850 species.
998 2753 1162 2828 Paternae
1186 2779 1272 2852 erga

218 2868 334 2942 filium
356 2869 513 2944 caritatis
537 2871 702 2967 exempla
723 2874 833 2943 sunto
851 2867 1016 2942 Priamus
1038 2877 1075 2943 et
1093 2869 1267 2969 Ulysses;

217 2985 282 3059 filii
307 3011 391 3084 erga
413 2997 553 3084 patrem
579 2985 787 3061 reverentiae
812 2986 976 3082 religiose
1001 2993 1152 3061 servatae
1168 2988 1268 3063 Tele

217 3102 368 3176 mechus
395 3110 434 3178 et
460 3103 641 3199 grandawi
668 3102 832 3176 Nestoris
863 3102 999 3176 deliciae
1020 3102 1264 3182 Antilochus:

216 3215 394 3294 Desiderii
418 3221 578 3294 absentis
601 3221 765 3318 conjugis
782 3219 982 3316 Penelope:
1009 3220 1156 3294 Amoris
1182 3246 1267 3318 erge

214 3341 431 3431 praesentem
459 3336 722 3410 Andromache.
775 3335 955 3410 Fraternae
982 3333 1148 3410 amicitiae
1176 3336 1267 3411 illud

214 3448 408 3544 Auris:-

531 3559 625 3628 τεῡκρι
638 3556 710 3628 φίλη
724 3556 826 3628 sent
835 3567 856 3611 ⁰.

213 3707 251 3776 et
267 3703 549 3798 Agamemnonis
574 3705 622 3777 sd
647 3703 858 3778 Menelaum
883 3727 1006 3776 recens
1031 3703 1263 3776 vulneratum

211 3816 250 3890 in
275 3817 325 3890 42⁰
349 3818 441 3893 libro
469 3822 596 3909 oratio,
624 3819 709 3893 fidei
738 3827 777 3893 et
800 3820 934 3893 amoris
962 3819 1056 3892 servi
1089 3842 1174 3916 erga
1201 3819 1262 3893 he·

210 3958 293 4008 rum
310 3934 497 4011 Philaetius
514 3944 552 4010 et
568 3937 748 4010 Eumaeus.
790 3934 1055 4031 Cognationem
1072 3958 1153 4030 quae
1169 3933 1263 4009 inter

248 4125 257 4166 ¹
275 4129 431 4191 rueret.
454 4133 489 4193 in
509 4132 569 4193 Vn.
586 4131 712 4193 deome-
754 4151 845 4204 mero,
867 4131 965 4191 Arist.
988 4131 1089 4202 eree,
1106 4128 1127 4188 l.
1145 4128 1173 4191 ii.
1191 4147 1216 4189 c.
1229 4150 1257 4208 9,

208 4208 266 4282 nir,
299 4211 402 4284 .1482.
425 4210 664 4291 urinusrepu.
753 4229 985 4272 unecuruvere.
1002 4227 1069 4289 54²·
1085 4207 1173 4267 Itu.

248 4295 268 4322 ¹¹
308 4288 713 4351 ersumhunceitutexllo·
793 4291 985 4366 ²Il.ss·443.
1033 4285 1257 4348 ⁰1bide.2sr.
