3094 4898
326 333 390 397 172
659 339 870 388 enarrarre
898 338 1046 387 necrus.

322 514 452 565 nonna
477 514 605 563 eorum
631 515 712 587 quae
738 513 760 560 a
788 487 996 560 nominibus
1022 487 1244 561 derivantur.
1298 489 1383 563 Alia

321 603 526 702 possessiva
549 609 636 676 sunt
661 604 719 674 vel
744 599 956 686 materialia,
975 599 1046 673 alia
1065 599 1105 673 in
1123 626 1200 676 ικος
1216 600 1291 673 vim
1316 612 1382 674 ant

321 735 490 833 peritiam
519 733 691 820 innuunt,
720 740 895 829 tanquam
926 732 987 803 illa
1017 718 1182 824 λογικὸς,
1213 719 1379 826 ἀρχικὸς,

323 850 563 955 στατηγικὸς,
587 862 656 936 alia
674 863 711 935 in
729 857 826 952 ωδης
842 862 888 934 ad
918 861 970 934 rei
997 859 1256 933 abundantiam
1280 885 1380 956 spec-

321 1000 415 1080 tant,
444 981 675 1084 καματώδης,
713 980 866 1082 ἑλώδης,
896 991 966 1063 alia
1000 991 1047 1064 ad
1074 1015 1221 1063 causam
1255 990 1307 1062 rei
1342 990 1382 1062 in

322 1148 429 1209 εινος,
447 1108 629 1208 ποθεινὸς,
649 1109 818 1214 ὑγιεινὸς,
837 1123 893 1194 vel
918 1120 956 1194 in
980 1145 1060 1215 ρος,
1082 1105 1379 1213 λιπηγρός-σο-

323 1238 465 1344 Φιστὴς
497 1251 629 1324 iterum
666 1259 702 1323 et
737 1236 957 1344 κιθαρισ-ιὴς
996 1275 1082 1323 enm
1116 1259 1281 1346 spectant
1315 1251 1380 1348 qui

322 1369 484 1442 studiose
505 1367 544 1440 in
570 1391 609 1440 re
637 1366 758 1462 aliqua
777 1376 956 1439 versatur.
1010 1366 1107 1439 Sunt
1132 1367 1243 1439 etiam
1267 1367 1381 1440 verba

323 1498 559 1573 desiderativa
571 1497 609 1570 in
628 1522 688 1567 ειω
705 1520 790 1569 cum
803 1497 1095 1571 characteristica
1106 1497 1232 1583 futuri,
1244 1489 1377 1594 ὀψείω,

323 1615 526 1722 ἀλλαξείω,
544 1633 583 1700 et
608 1651 687 1723 quae
712 1624 766 1698 rei
791 1626 1032 1723 frequentiam
1057 1629 1117 1701 vel
1133 1625 1299 1700 Actionis
1324 1626 1378 1700 in-

321 1757 526 1830 tensionem
553 1757 737 1830 declarunt
763 1758 802 1829 in
828 1782 910 1845 ευω,
936 1743 1378 1852 πραγματεύω-ἀρχεύ-

323 1912 377 1956 ειν
402 1875 582 1981 Τρώεσσι
592 1874 656 1940 ¹—
666 1886 892 1959 Diminutiva
918 1893 1064 1960 transeo
1089 1893 1263 1984 tanquam
1288 1886 1378 1960 satis

321 2005 482 2100 vulgata,
495 2010 533 2077 et
550 2003 696 2101 quidem
713 2009 794 2078 tota
811 2004 889 2076 haec
907 2004 1093 2101 Analogiae
1109 2029 1193 2101 pars
1212 2015 1379 2080 nontam

317 2121 462 2220 'Graecis
479 2122 625 2218 propria
641 2131 707 2208 est,
727 2145 836 2218 quam
853 2121 925 2194 illis
943 2146 1029 2194 cum
1047 2121 1125 2194 aliis
1142 2120 1358 2196 communis.

372 2237 592 2311 Derivativis
615 2239 732 2312 affinis
756 2248 812 2311 est
831 2237 1133 2335 Metaphorarum
1149 2264 1252 2326 nsua,
1270 2245 1308 2312 et
1331 2264 1379 2312 ex

321 2356 447 2427 eadem
461 2379 571 2428 causa
587 2356 734 2452 pendet,
747 2381 792 2428 ex
810 2355 982 2428 facilitate
994 2355 1233 2429 transferendi
1250 2380 1378 2430 eorum

322 2472 471 2545 nomina
495 2472 699 2546 insensum
724 2497 801 2545 non
817 2472 963 2568 proprie
989 2496 1099 2545 suum
1125 2474 1188 2546 sed
1205 2473 1378 2546 alienum.

323 2591 366 2662 In
385 2590 593 2664 derivativis
610 2616 655 2663 ex
679 2590 785 2664 litera
801 2596 867 2662 aut
890 2590 1029 2686 syllaba
1043 2589 1241 2663 immutata
1256 2614 1379 2663 novus

322 2709 439 2781 oritur
467 2732 607 2794 sensus,
635 2708 673 2779 in
704 2707 935 2802 Metaphoris
965 2731 1009 2780 ex
1040 2713 1215 2780 contextu
1244 2706 1377 2803 dijudi-

322 2826 439 2898 canda
464 2849 520 2898 res
543 2831 612 2912 est,
633 2825 759 2898 eadem
781 2831 904 2898 tamen
928 2823 1091 2920 utrisque
1116 2830 1173 2896 est
1197 2824 1380 2920 elegantia

321 2950 360 3016 et
376 2945 444 3030 vis,
464 2969 582 3040 neque
607 2943 705 3016 enim
730 2943 946 3016 nominatim
963 2949 1110 3015 tantum
1128 2943 1172 3014 de
1198 2967 1238 3016 re
1258 2943 1377 3040 loqui·

322 3085 417 3146 mur,
446 3061 509 3132 sed
539 3084 614 3133 una
642 3085 726 3134 cum
752 3059 900 3133 nomine
929 3085 1010 3133 earn
1038 3083 1148 3156 quam
1174 3059 1221 3132 ad
1247 3069 1380 3134 eaetera

321 3176 432 3249 habet
456 3177 669 3250 relationem
692 3177 978 3274 complectimur.
1032 3176 1122 3250 Tres
1147 3179 1238 3250 adeo
1254 3178 1376 3251 Meta-

321 3294 520 3391 phorarum
545 3297 696 3391 species,
718 3297 789 3369 illae
816 3320 897 3392 quae
922 3320 968 3368 ex
993 3295 1230 3369 translatione
1256 3297 1376 3370 norni-

322 3435 412 3485 num
437 3409 698 3485 Genericorum
719 3415 778 3485 rel
800 3412 1062 3509 Specificorum
1086 3413 1193 3500 fiunt,
1212 3439 1280 3510 pro
1305 3415 1377 3487 lin-

322 3553 403 3625 guae
417 3529 582 3602 ubertate
595 3529 854 3626 frequentiores
864 3535 973 3602 erunt
981 3561 990 3618 ;
1006 3529 1066 3603 ubi
1081 3529 1178 3602 enim
1192 3529 1378 3603 Generum

322 3653 360 3718 et
386 3645 596 3743 Specierum
618 3647 768 3719 nomina
795 3671 903 3743 quam
926 3645 1081 3719 maxime
1109 3671 1148 3719 se
1175 3645 1377 3743 attingunt,

322 3763 397 3836 suis
416 3787 569 3860 quaeque
586 3763 796 3836 differentiis
809 3775 975 3836 accurate
992 3774 1030 3836 et
1048 3763 1230 3836 subtiliter
1246 3763 1376 3854 divisa,

322 3880 401 3953 haec
431 3880 619 3953 translatio
650 3879 820 3952 facillima
849 3879 927 3968 erit,
960 3905 1033 3977 qua
1059 3887 1157 3953 certe
1190 3905 1237 3953 ex
1270 3894 1378 3978 parte

322 3997 414 4068 nulli
448 3997 606 4070 secunda
638 4003 695 4068 est
727 3997 851 4091 lingua
882 3997 1020 4070 Graeca.
1074 3997 1202 4070 Restat
1234 3996 1380 4081 Quarta

322 4113 460 4207 speeies
478 4137 557 4209 quae
575 4139 620 4186 ex
634 4112 814 4209 Analogia
831 4114 967 4204 oritur;
986 4117 1091 4211 cujus
1109 4114 1247 4188 facilior
1257 4117 1327 4190 erit
1339 4125 1379 4192 et

322 4229 481 4324 paratior
503 4253 591 4303 usus
616 4227 714 4328 apud
739 4230 887 4328 eosqui
913 4231 1168 4306 similitudines
1191 4257 1313 4306 rerum
1339 4241 1380 4308 et

745 4381 754 4404 ¹
776 4371 819 4430 If.
837 4385 866 4430 Ε.
885 4393 950 4431 200.
