3058 4908
472 326 685 376 eamnucmo
704 326 1013 387 onoma-omum.
1214 321 1276 384 235

219 476 366 550 Horum
407 477 499 550 alter
537 477 627 551 duas
666 500 838 574 personas
873 485 984 576 atque
1018 478 1108 552 adeo
1142 501 1278 553 novem

219 595 351 668 fabule
370 594 586 689 dignitatem
610 593 747 669 addidit
761 591 786 667 ⁶.
838 593 914 668 Sub
933 594 1113 692 Sophocle
1129 597 1278 670 tandem

219 710 447 808 etEuripide
464 717 800 785 consummataest.
854 710 962 788 Unus
980 711 1134 809 Epicam
1152 713 1279 808 poesin

220 825 406 901 Homerus
419 833 456 900 et
472 828 613 924 primus
626 827 749 901 animo
763 827 931 926 concepit
945 837 981 902 et
999 828 1144 925 proprio
1162 841 1280 903 marte

218 944 425 1018 absolutam
442 943 552 1018 dedit.
1320 921 1337 941 ⁸

272 1059 344 1133 Sed
372 1061 416 1133 ad
440 1061 672 1158 propositum
696 1061 816 1148 redeo,
835 1071 879 1136 ut
903 1085 947 1134 ex
965 1061 1175 1136 Aristotelis
1193 1063 1278 1137 deli·

219 1176 360 1251 uitione
385 1178 589 1251 fabularum
615 1177 895 1252 Homeriearum
924 1203 967 1254 ac
995 1181 1116 1277 primo
1142 1179 1278 1253 Iliados

220 1297 500 1394 explicationem
525 1321 708 1386 eruamus,
726 1321 837 1395 quem
862 1297 900 1370 in
922 1300 1034 1372 finem
1055 1310 1092 1372 et
1109 1299 1278 1374 universa

218 1415 297 1510 ejus
323 1414 440 1488 sonna
456 1439 499 1489 ac
516 1414 672 1511 denique
689 1415 815 1488 formae
841 1415 947 1488 istius
972 1414 1199 1488 incrementa
1223 1416 1277 1489 in·
1313 1459 1318 1466 ·

218 1532 432 1627 vestiganda
449 1539 548 1606 sunt.

271 1645 467 1743 Fingamus
492 1648 615 1746 itaque
633 1649 783 1722 Poetam
808 1647 861 1721 ita
883 1647 927 1721 de
954 1647 1075 1721 fabula
1101 1673 1168 1724 sua
1193 1674 1276 1723 oon·

220 1765 342 1838 silium
359 1766 507 1862 cepisse,
527 1775 570 1839 ut
595 1765 712 1863 primo
733 1767 778 1839 de
800 1767 902 1862 justa
927 1767 1006 1864 ejus
1024 1766 1277 1862 magnitudine

218 1881 287 1955 sibi
317 1883 551 1958 statuendum
581 1907 660 1958 esse
689 1883 840 1980 judicet.
892 1881 960 1956 Est
989 1884 1087 1958 enim
1118 1885 1276 1960 imitatio

219 2013 385 2086 Actionis
402 2001 565 2108 ἐχούσης
580 2040 617 2086 τι
633 2003 790 2107 μέγεθος
799 2009 823 2086 ⁸.
874 2012 931 2086 Ex
949 2013 1017 2088 hac
1033 2015 1156 2113 itaque
1174 2026 1277 2112 parte

219 2132 321 2228 operi
346 2153 474 2205 norma
500 2136 538 2204 et
566 2131 692 2226 regula
718 2131 838 2206 danda
863 2141 951 2218 erat,
980 2142 1016 2205 et
1043 2133 1177 2207 limites
1204 2133 1276 2206 dis·

219 2246 389 2345 ponendi,
407 2248 639 2344 nequeenim
657 2250 851 2346 quisquam
868 2256 952 2323 tuto
973 2258 1038 2322 aut
1056 2248 1159 2323 facile
1176 2274 1276 2346 mag·

220 2388 311 2438 num
332 2375 368 2438 et
384 2365 588 2459 legitimum
606 2388 699 2462 opus
723 2364 887 2462 suscipit,
908 2365 977 2438 nisi
995 2366 1059 2462 qui
1077 2367 1190 2439 totius
1214 2390 1276 2439 na-

220 2488 343 2554 turam
365 2482 487 2555 animo
514 2483 800 2578 praemeditatam
823 2493 861 2556 et
887 2457 1114 2579 perspectam
1131 2482 1274 2556 habeat.

222 2597 384 2672 Homero
401 2609 523 2672 autem
544 2623 678 2672 novam
700 2623 778 2672 rem
795 2597 955 2674 tentanti
981 2600 1082 2672 nullo
1099 2599 1167 2671 viae
1185 2599 1276 2672 duce

221 2728 285 2793 aut
315 2717 488 2813 magistro
517 2717 640 2791 omnia
670 2716 708 2790 in
737 2716 872 2792 difficili
905 2718 987 2790 loco
1014 2716 1134 2813 posita
1160 2723 1274 2790 erant.

219 2834 264 2906 In
280 2833 350 2909 hac
372 2833 452 2932 ipse
468 2834 667 2930 quaestione
693 2842 799 2908 cante
817 2841 855 2908 et
880 2833 1079 2930 prudenter
1096 2832 1276 2906 sententia

219 2957 298 3023 erat
323 2949 481 3038 ferenda,
506 2957 544 3024 et
569 2975 615 3024 ex
642 2949 770 3024 intima
797 2947 908 3024 animi
934 2958 970 3021 et
997 2948 1080 3020 vitae
1105 2947 1274 3020 humanae

219 3067 349 3142 notitia
374 3067 555 3142 elicienda.
608 3065 762 3141 Viderat
784 3069 823 3141 in
848 3066 1033 3153 historico,
1054 3063 1084 3138 si
1107 3065 1158 3138 ita
1174 3065 1274 3161 loqui

218 3185 355 3274 fassit,
380 3185 533 3259 Poeseos
560 3209 689 3280 genere
714 3183 783 3258 sibi
808 3184 1027 3258 versandum
1047 3207 1138 3270 esse,
1165 3182 1203 3255 in
1230 3208 1274 3255 eo

218 3328 349 3402 genere
366 3303 463 3400 quod
481 3327 526 3376 ex
543 3303 751 3376 narratione
772 3303 940 3399 pendeat,
960 3309 998 3376 et
1016 3301 1133 3375 otioso
1150 3300 1276 3375 lectori

218 3424 257 3496 in
276 3445 405 3496 manus
422 3420 555 3494 veniat.
608 3420 689 3494 Nec
706 3445 793 3493 vero
815 3419 1023 3494 reformidat
1040 3418 1183 3492 animus
1197 3418 1274 3513 jam

218 3565 356 3615 vacuus
380 3547 417 3613 et
441 3539 538 3613 curis
564 3537 653 3612 liber
673 3538 820 3635 longam
846 3534 1061 3610 narrationis
1088 3535 1217 3608 seriem
1237 3541 1276 3607 et

218 3658 336 3730 varios
359 3658 516 3732 fortunae
541 3679 658 3743 casus,
678 3657 787 3728 modo
810 3654 862 3728 ita
888 3677 1013 3727 secum
1038 3659 1157 3726 totum
1182 3675 1274 3746 opus

219 3784 374 3860 constet,
393 3781 441 3862 ut
462 3779 583 3870 partes
608 3771 763 3846 invicem
790 3771 977 3844 distinctas
1003 3767 1146 3854 habeat,
1167 3772 1275 3864 atque

216 3893 270 3965 ita
293 3898 531 3989 comparatas,
559 3897 603 3967 ut
627 3890 732 3964 facile
756 3889 804 3962 sit
827 3889 885 3960 vel
909 3911 969 3960 eas
996 3887 1090 3959 inter
1112 3909 1150 3958 se
1173 3908 1274 3957 com·

217 4010 380 4095 mittere,‘
404 4010 463 4081 vel
497 4007 542 4081 ab
577 4031 651 4082 una
684 4008 730 4079 ad
764 4007 873 4078 aliam
908 4003 1072 4078 transire.
1128 4001 1289 4080 Gaudet,

217 4126 342 4225 potius
363 4136 400 4199 ct
424 4126 580 4200 oblectat
607 4147 697 4211 sese,
721 4123 809 4196 dum
836 4123 1033 4194 multarum
1053 4145 1176 4194 rerum
1197 4122 1273 4194 lon-

214 4269 304 4340 gum
330 4244 494 4316 ordinem
517 4240 681 4337 agnoscit
706 4247 744 4314 et
769 4238 1034 4336 complectitur.
1087 4237 1154 4311 Est
1175 4239 1273 4310 enim

337 4381 348 4414 ‘¹
370 4381 468 4441 Arist.
485 4383 579 4452 Poet„
594 4401 619 4440 c.
636 4401 665 4456 4.
951 4387 960 4410 ‘
982 4377 1071 4448 Ibid,
1086 4399 1110 4437 c.
1128 4397 1153 4456 7.
