3058 4902
288 320 354 384 298
547 331 761 379 rumnncrro
780 327 1080 378 nucius-ocrim.

289 483 374 564 cles,
398 477 576 566 Socrates,
595 477 815 563 Alcibiades,
844 482 882 549 at
907 476 1027 550 caetem'
1052 477 1105 548 illi
1131 474 1254 572 magni
1278 499 1347 547 no-

289 595 396 668 minis
418 595 487 666 viri
515 593 627 666 taceri
654 619 728 667 non
755 599 921 690 possunt.
976 593 1074 669 Quid
1095 592 1245 687 egerint,
1271 617 1349 688 quo

289 720 398 808 pacto
423 734 462 783 se
489 709 676 806 gesserint,
697 734 768 807 qua
789 708 980 806 disciplina
1005 715 1042 782 et
1067 708 1188 780 indole
1212 707 1350 780 imbuti

289 828 424 900 fuerint
448 827 572 899 statim
589 826 820 923 disquiritur:
849 850 924 899 non
939 849 1002 899 eos
1023 825 1240 898 nominatim
1263 849 1346 919 per-

290 941 435 1037 stringit
451 940 616 1015 Historia
637 942 702 1015 sed
722 943 760 1014 in
778 941 941 1036 personis
958 965 1085 1014 eorum
1101 939 1348 1012 describendis

288 1061 386 1132 ultro
403 1060 630 1131 immoratur.
675 1057 756 1131 Nec
771 1082 858 1131 vero
876 1059 1035 1131 fabulam
1053 1057 1248 1130 comitatur
1263 1061 1346 1126 tan-

289 1185 369 1249 tum
387 1176 539 1248 Morum
556 1173 785 1248 adumbratio
812 1175 876 1246 sed
901 1173 953 1246 illi
979 1197 1091 1246 novas
1108 1173 1202 1244 vires
1228 1170 1343 1244 addit.

289 1290 389 1366 Hine
422 1315 554 1366 succus
588 1298 627 1363 at
660 1292 808 1386 sanguis
842 1291 950 1363 nudis
992 1290 1134 1363 ossibus
1168 1287 1344 1359 induitur.

290 1405 539 1482 concesserim
574 1408 726 1480 fortasse
756 1408 908 1480 formam
938 1405 1120 1502 quandam
1146 1428 1188 1477 ex
1221 1427 1346 1476 rerum

290 1525 416 1598 ordine
433 1526 592 1599 fabulam
618 1525 793 1621 accipere,
814 1525 877 1596 sad
898 1521 1114 1619 requirimus
1138 1521 1345 1618 propiorem

289 1641 375 1714 vitae
393 1641 680 1728 similitudinem,
693 1641 843 1714 formam
858 1639 1010 1736 denique
1027 1638 1057 1712 si
1074 1640 1125 1712 ita
1137 1638 1254 1712 diuam
1267 1638 1346 1709 ani·

289 1759 431 1830 malem.
486 1756 553 1844 Ita,
578 1762 623 1829 ut
647 1757 693 1830 ad
720 1756 923 1853 Sculptoris
949 1763 1063 1828 artem
1090 1777 1342 1851 provocemus,

289 1872 464 1946 nonsatis
481 1879 537 1946 est
554 1881 712 1945 statuam
730 1874 775 1946 ad
793 1871 950 1945 bominis
970 1871 1126 1967 speciem
1142 1869 1263 1964 effingi
1280 1869 1345 1942 sed

289 1991 336 2062 ad
359 1989 517 2062 hominis
543 1990 725 2086 personati
750 1988 935 2062 habitum:
964 1990 1015 2061 ita
1040 1988 1078 2060 in
1104 1987 1246 2083 pictura
1269 2009 1345 2058 non

290 2105 452 2178 Zeuxis·
471 2113 536 2178 aut
559 2103 763 2179 Pausanisb
788 2107 929 2202 ineptas
957 2104 1020 2178 sed
1046 2102 1239 2199 Polygnoti
1265 2126 1344 2175 mo-

289 2230 384 2294 ratas
402 2220 575 2316 imagines
592 2223 824 2310 admiramur,
843 2248 909 2296 nec
932 2221 1053 2294 minus
1077 2221 1116 2292 in
1133 2220 1235 2316 poesi
1251 2243 1344 2315 prae·

288 2345 346 2412 ter
362 2345 514 2412 eventus
528 2341 613 2412 vitae
627 2349 663 2412 et
680 2364 798 2413 rerum
816 2340 978 2414 ordinem
995 2361 1231 2435 personarum
1247 2337 1346 2410 inter

290 2475 329 2526 se
346 2453 576 2526 collationem
593 2461 631 2526 et
647 2479 884 2550 congressum
901 2452 1147 2550 repraesentari
1160 2453 1343 2526 volumus.

289 2571 480 2643 Actionem
503 2570 563 2642 hic
586 2571 696 2644 etiam
721 2572 905 2645 Moratum
935 2571 1151 2666 requirimus
1178 2575 1216 2641 et
1240 2592 1345 2641 veras

288 2711 395 2760 voces
413 2712 494 2784 quae
519 2689 564 2760 ad
586 2692 772 2785 exemplar
788 2688 870 2763 vitae
894 2695 931 2762 et
953 2713 1094 2763 morum
1119 2711 1343 2783 componun·

288 2809 351 2876 tur
383 2813 420 2876 et
453 2803 544 2876 illud
578 2806 743 2901 proxime
776 2806 974 2901 attingunt.
1040 2803 1140 2888 Quin
1175 2816 1212 2877 et
1245 2826 1346 2875 mera

289 2917 425 2994 Fabula
444 2921 546 2992 nulla
567 2920 637 2994 loci
661 2927 699 2994 et
724 2947 959 3019 personarum
986 2923 1125 2995 ratione
1151 2921 1274 2992 habita
1297 2919 1344 2991 ad

290 3059 333 3107 ea
365 3061 447 3131 quae
481 3037 589 3110 nimis
622 3039 840 3112 universalia
873 3047 960 3112 sunt
994 3037 1163 3133 assurgit.
1217 3034 1344 3120 Quan-

289 3175 401 3248 quam
426 3151 523 3224 enim
541 3152 696 3229 Poeseos
719 3156 864 3252 propria
889 3156 935 3229 sit
959 3157 1145 3251 illaquam
1169 3152 1345 3224 antehac‘

291 3280 524 3354 tractavimus
548 3271 739 3379 ἀναδρόμη
758 3277 818 3355 ἐπὶ
843 3274 890 3356 τὰ
913 3271 1090 3370 καθόλου,
1109 3292 1232 3355 tamen
1258 3304 1343 3353 suos

289 3399 425 3470 limites
443 3399 601 3472 transilit
614 3424 699 3472 cum
712 3401 758 3473 ad
775 3402 836 3474 illa
850 3427 930 3499 quae
949 3398 1343 3473 maximeUnivarsalia

291 3520 379 3586 sunt
395 3514 571 3601 avehitur,
591 3540 676 3589 cum
695 3541 769 3590 uon
786 3519 1030 3590 humanarum
1048 3541 1168 3589 rerum
1187 3514 1345 3610 speeiem

289 3631 471 3726 quandam
501 3631 569 3703 sibi
599 3632 799 3729 subjectam
829 3633 950 3719 babet,
984 3634 1047 3706 sed
1078 3641 1196 3704 totum
1229 3653 1345 3726 genus

291 3748 401 3820 simul
431 3749 694 3844 complectitur.
748 3751 860 3824 Recte
895 3743 933 3824 ct
963 3748 1144 3823 subtiliter
1171 3747 1216 3819 de
1245 3747 1346 3818 omni

291 3864 449 3938 Scientia
475 3867 722 3964 pronuntiavit
752 3865 893 3954 Platofl,
922 3892 994 3941 non
1025 3867 1114 3940 satis
1147 3887 1226 3937 esse
1254 3863 1346 3936 illud

293 3981 391 4078 quod
425 4005 541 4055 unum
571 3989 628 4056 est
659 4008 887 4080 cognoscere,
912 3984 969 4057 ie.
998 3982 1090 4056 illud
1125 3989 1270 4054 tentum
1301 3980 1346 4053 de

290 4099 399 4170 rebus
434 4111 662 4195 compertum
687 4103 824 4196 ¹babere
858 4102 956 4200 quod
988 4101 1055 4174 uni
1088 4097 1196 4172 alicui
1223 4097 1345 4193 generi

331 4257 343 4282 ⁸
363 4249 433 4310 vid.
449 4253 578 4314 Aristot.
593 4257 686 4324 Post,
702 4276 728 4315 c.
744 4257 771 4316 6.
867 4255 880 4294 Β
901 4255 988 4326 lbid.,
1005 4255 1106 4324 Polit,
1121 4251 1142 4312 l.
1157 4251 1217 4310 viii.
1233 4271 1256 4309 c.
1278 4267 1303 4324 ς,

331 4336 343 4367 ⁶
363 4329 429 4388 Vid.
444 4332 534 4390 Proel.
554 4343 635 4392 imm.
821 4337 831 4367 ⁶
855 4337 892 4395 In
907 4335 1029 4394 Philebo
1042 4333 1098 4393 sub
1113 4331 1201 4390 initio
1215 4325 1342 4406 Dialogi.
