3096 4886
548 287 759 334 rnmrnrrro
785 287 922 334 raam.
1215 261 1259 322 49

204 435 360 533 Tirynse
390 435 492 507 nuilo
523 433 739 508 commercio
768 443 888 506 tantas
918 457 1005 531 opes
1036 453 1262 530 comparasse

205 553 338 651 potuit.
394 549 495 634 Quin
523 557 560 623 et
582 549 763 624 exercitus
782 549 995 623 Graecorum
1022 551 1175 624 durante
1198 549 1261 622 ob·

205 671 345 745 sidione
372 693 418 742 ex
445 681 687 743 mercatorum
715 668 870 741 navibus
897 693 940 742 eo
970 669 1132 766 appulsis
1160 691 1260 740 com-

207 793 349 860 meatus
363 809 449 859 suos
466 783 666 882 accipiebat
675 781 698 856 ⁰.
745 783 816 857 Sed
836 791 877 856 ut
894 784 964 856 alia
976 783 1259 880 praetermittam,

207 905 246 975 in
265 902 439 1000 Odysseae
456 903 547 975 libro
565 902 684 999 primo
705 901 749 974 de
767 901 895 974 itinere
917 910 1126 980 mercatura
1148 897 1263 995 gratia

207 1027 379 1117 suscepto
396 1021 475 1116 ipse
493 1017 655 1116 loquitur
672 1018 795 1103 Poeta,
815 1028 851 1091 et
869 1018 941 1090 alio
957 1017 995 1090 in
1009 1019 1091 1091 loeo
1110 1018 1154 1090 de
1173 1041 1263 1090 nave

208 1136 375 1211 oneraria
392 1138 502 1210 verba
519 1137 605 1210 facit
617 1144 640 1208 ⁰.
693 1135 836 1209 Merces
859 1141 983 1208 autern
1002 1133 1165 1208 nondum
1184 1158 1263 1232 pre·

208 1254 262 1326 tio
281 1253 460 1338 emebant,
475 1252 537 1326 sed
557 1252 651 1325 inter
668 1275 706 1326 se
724 1252 999 1324 commutabant
1011 1249 1030 1324 ¹.
1084 1251 1265 1336 Quaenam

209 1369 277 1444 ista
293 1371 531 1444 commutatio
548 1396 593 1443 ex
611 1371 691 1467 ipso
709 1367 874 1442 Homero
892 1371 1032 1466 optime
1051 1369 1264 1442 discendum

210 1494 290 1559 est⁸
306 1518 367 1558 :-

361 1637 458 1693 Ἐνθεν
470 1636 510 1711 ἄρ’
526 1638 649 1706 οἰνίζοντο
664 1643 871 1710 καρηκομόωντας
886 1637 997 1709 Ἀχαιοὶ,

364 1733 462 1788 Ἀλλοι
475 1734 523 1803 μὲν
535 1738 635 1810 χαλκῷ,
647 1737 725 1790 ἄλλοι
739 1733 763 1790 d’
777 1734 865 1791 αἴθωνι
879 1735 988 1810 σιδήρῳ.

362 1830 461 1886 'mos
476 1833 502 1885 dd
516 1831 605 1904 ῥινοῖο,
619 1833 698 1886 ἄλλοι
712 1830 735 1885 δ’
750 1833 843 1903 αὐτῇσι
856 1835 976 1898 βόεσσιν,

364 1923 462 1984 'Aaron
476 1927 497 1982 δ’
512 1928 750 2000 ἀνδραπόδεσσι,-

212 2054 444 2150 nequeenim
469 2054 588 2126 adhuc
612 2054 648 2126 in
676 2079 745 2127 usu
768 2066 846 2129 erat
867 2054 1049 2152 signatum
1076 2064 1267 2149 argentum

213 2197 287 2268 quo
313 2171 498 2245 communi
524 2179 561 2244 et
588 2172 680 2244 facili
706 2173 855 2247 modulo
875 2173 914 2246 in
941 2173 1039 2245 omni
1066 2179 1268 2246 mercatura

214 2309 430 2390 uterentur3
459 2325 575 2399 neque
599 2300 693 2376 inter
716 2291 890 2394 κειμήλια
912 2328 993 2400 quae
1015 2303 1123 2376 toties
1146 2327 1269 2376 recen·

214 2426 271 2493 set
288 2419 471 2493 Homerus
489 2419 622 2516 signati
641 2419 782 2493 nummi
794 2421 869 2494 ulla
885 2427 941 2494 est
955 2419 1113 2516 suspicio
1128 2451 1136 2508 ;
1165 2422 1269 2517 cujus

214 2545 313 2612 certe
330 2537 491 2612 inventio
516 2538 737 2634 optimorum
763 2539 961 2613 authorum
989 2563 1168 2612 consensu
1185 2539 1269 2612 Phi-

216 2654 301 2728 doni
318 2656 454 2751 Argivo
477 2652 740 2750 adjudicaturh.
795 2653 922 2752 Itaque
948 2678 1037 2727 auro
1060 2665 1096 2727 et
1120 2665 1270 2749 argento

214 2771 372 2870 pretium
391 2797 499 2845 suum
517 2796 561 2844 ex
580 2771 739 2866 pondere
762 2772 954 2844 constabat
970 2801 978 2856 ;
1008 2769 1145 2842 caeteris
1161 2769 1270 2842 rebus

214 2912 259 2960 ex
288 2887 428 2960 ratione
458 2910 567 2982 quam
596 2885 777 2959 habebant
802 2885 848 2957 ad
879 2907 1027 2982 eaquae
1052 2883 1207 2956 maxime
1232 2885 1271 2958 in

215 3002 401 3076 communi
427 3027 496 3075 usu
521 3000 639 3101 posita
664 3007 751 3075 sunt
764 3032 773 3089 ;
799 3026 872 3074 neu
896 3001 1038 3076 deesset
1054 3009 1175 3074 certus
1193 3001 1271 3099 qui·

217 3121 301 3193 dam
334 3119 504 3192 modulus
538 3143 612 3215 quo
647 3117 790 3214 singula
823 3117 1049 3206 metirentur,
1081 3141 1128 3190 ex
1163 3118 1272 3192 unius

214 3237 317 3310 bovis
335 3238 393 3308 vel
413 3235 572 3332 plurium
599 3235 716 3333 pretio
743 3243 872 3309 caetera
895 3235 968 3307 sere
992 3237 1116 3308 omnia
1138 3236 1272 3333 pende·

215 3356 370 3436 bantnr;
398 3377 472 3426 non
507 3352 603 3425 enim
625 3361 701 3426 tam
732 3377 822 3425 auro
852 3365 961 3450 atque
986 3359 1137 3450 argento
1163 3377 1273 3450 quam

215 3469 329 3542 boum
351 3473 389 3540 et
411 3468 594 3565 pecudum
612 3491 765 3541 numero
782 3467 935 3541 istorum
960 3477 1167 3568 temporum
1186 3494 1273 3566 opes

217 3597 457 3684 constabant;
498 3584 664 3692 ἀργύρου
696 3585 771 3692 γὰρ
806 3589 873 3668 οὐκ
905 3585 952 3688 ἦν
983 3623 1042 3668 πω
1072 3585 1156 3670 τότε
1189 3587 1274 3669 οὐδὲ

215 3715 362 3821 χρυσοῦ
402 3711 582 3815 νόμισμα·
622 3713 717 3795 κατὰ
754 3708 896 3819 τρόπον
934 3714 975 3795 δὲ
1015 3715 1068 3796 ἔτι
1107 3713 1174 3795 τὸν
1206 3719 1272 3819 ἀρτ

216 3852 325 3951 χαῖον
349 3845 598 3926 ἀντεδίδοσαν
625 3851 719 3938 βοῦς
744 3847 805 3924 καὶ
834 3841 1051 3948 ἀνδράποδα
1077 3847 1137 3924 καὶ
1156 3843 1275 3949 ἀργὸν

258 4059 460 4134 οΡανιεννι.,1.
476 4060 507 4120 ii.
525 4085 565 4137 25,
808 4053 902 4122 ‘Vid
928 4061 1013 4122 Plio.
1036 4063 1110 4124 Nar.
1133 4063 1230 4138 Hiar„
1253 4063 1274 4126 l.

257 4137 324 4201 ιΠ.
340 4155 376 4202 H.
392 4163 451 4215 470.
767 4141 867 4201 xxxiii.
882 4163 906 4200 c.
921 4167 947 4213 3.

258 4222 339 4282 ‘Od
353 4235 383 4281 Ε.
400 4247 456 4298 aso.
482 4219 651 4282 Videtinm
671 4219 727 4280 Od.
808 4222 874 4280 ⁸11.
891 4235 925 4281 Η.
939 4245 997 4296 472.

220 4314 241 4362 1.
261 4313 316 4378 185,
330 4301 383 4364 &a
810 4299 949 4374 hatrat,
963 4305 983 4362 l.
1000 4301 1058 4362 viii.
1076 4323 1104 4384 p.
1120 4315 1178 4380 358,
1192 4303 1244 4364 dac.

742 4425 762 4474 E
