3094 4898
277 325 338 386 152
626 331 838 380 enneacrro
858 333 968 380 rorvr.

274 481 382 556 series
400 506 473 555 non
491 482 614 555 decem
632 480 790 554 unitates
807 483 869 554 sed
887 482 1047 579 quinque
1064 483 1331 579 complectitur,

274 625 464 673 numerum
482 599 619 672 scilicet
636 598 835 695 digitorum
850 599 960 672 unius
978 623 1110 672 manus
1122 629 1187 671 :-

431 759 520 814 Φῶιιαι
532 759 580 827 μέν
593 779 634 812 τοι
647 763 751 830 πρῶτον
763 755 903 829 ἀριθμήσει
917 759 959 811 καὶ
972 757 1083 824 ἔπεισιν,

431 855 518 926 Δι’πὰρ
532 854 595 923 ἐπὴν
607 857 694 910 πάσας
706 855 890 923 πεμπάσσεται
898 857 917 908 ¹.

324 987 406 1061 Pari
434 987 574 1062 ratione
603 987 824 1061 Medicinam
854 988 1065 1062 excolebant
1096 986 1229 1074 Graeci,
1257 1012 1333 1061 non

272 1131 317 1178 ex
341 1105 492 1178 scientia
517 1106 581 1178 sed
606 1129 651 1177 ex
669 1129 739 1178 usu
764 1104 932 1202 peritiam
950 1105 1132 1201 quandam
1150 1105 1189 1176 in
1207 1105 1276 1178 hac
1293 1131 1333 1178 re

272 1221 438 1296 assecuti.
491 1221 614 1316 Vulgo
631 1223 778 1318 quidem
802 1223 974 1296 laudatur
991 1221 1112 1294 Poetae
1138 1222 1334 1319 multiplex

274 1341 437 1427 scientia,
465 1341 563 1436 quod
589 1339 668 1435 ipsa
694 1341 791 1413 inter
817 1363 959 1436 pugnas
985 1341 1137 1412 vulnera
1163 1349 1335 1412 accurate

275 1457 447 1553 depingit,
466 1457 563 1553 quod
585 1481 659 1529 non
675 1457 820 1544 caedem,
840 1465 877 1529 et
894 1457 1055 1530 confusae
1081 1457 1212 1552 stragis
1235 1481 1334 1530 aecr-

274 1599 339 1647 vos
365 1599 488 1648 coram
514 1573 628 1646 oculis
653 1573 762 1660 sistit,
790 1575 853 1648 sed
877 1575 1000 1671 ipsum
1026 1573 1090 1648 teli
1116 1573 1243 1660 ictum,
1266 1575 1334 1646 im-

274 1698 402 1786 petum
427 1698 465 1763 et
494 1715 737 1787 progressum,
764 1691 884 1788 ipsum
912 1690 1066 1786 denique
1095 1692 1225 1764 mortis
1256 1717 1334 1764 mo-

275 1810 386 1894 dum;
419 1809 517 1904 quod
543 1832 617 1880 non
643 1807 822 1902 ignoravit
838 1831 1005 1904 quaenam
1024 1810 1175 1880 vulnera
1200 1809 1334 1882 leviore

274 1925 358 2012 sint,
395 1948 556 2022 quaenam
598 1925 773 2020 graviora,
809 1931 976 2022 quaenam
1018 1925 1129 1997 etiam
1174 1925 1332 1998 lethalia.

275 2042 387 2115 hliror
414 2066 500 2114 sane
531 2042 688 2114 hominis
716 2043 953 2138 diligentiam,
983 2041 1094 2115 miror
1120 2041 1242 2115 Poetae
1272 2067 1334 2116 ex-

274 2160 497 2245 cellentiam3
525 2183 592 2232 nec
614 2184 701 2232 vero
727 2160 826 2233 aliud
852 2159 890 2231 in
915 2160 1045 2232 haere
1070 2184 1181 2255 quam
1206 2159 1243 2231 in
1261 2186 1333 2234 cae-

274 2276 360 2350 teris
377 2277 567 2373 praestitit3
595 2278 658 2350 sed
677 2277 827 2350 humani
845 2278 1007 2374 corporis
1025 2289 1146 2374 partes
1164 2285 1201 2349 et
1219 2287 1334 2351 struc-

273 2403 393 2466 turam
412 2395 535 2467 eadem
551 2419 627 2490 qua
640 2401 769 2467 caetera
795 2393 981 2468 mentisvi
1005 2401 1042 2466 et
1065 2395 1233 2467 acumine
1250 2419 1333 2492 per-

274 2513 455 2598 lustravit,
474 2512 633 2585 intemas
650 2513 761 2585 etiam
779 2519 901 2608 partes
919 2536 993 2584 non
1012 2512 1135 2584 omisit
1152 2525 1334 2608 quantum

273 2631 352 2702 fieri
370 2630 490 2726 potuit
507 2629 705 2702 Anatomia
728 2630 891 2702 nondum
909 2629 1067 2702 inventa.
1121 2628 1212 2702 Haec
1234 2629 1333 2703 enim

275 2773 332 2821 res
366 2773 411 2820 ex
444 2771 514 2819 usu
552 2755 588 2820 et
622 2748 815 2820 vulnerum
850 2746 1065 2819 tractatione
1099 2747 1334 2843 aliquatenus

274 2864 498 2962 assequenda
523 2878 590 2937 est.
646 2863 827 2936 Medicina
847 2865 984 2936 interea
1008 2887 1076 2936 suo
1101 2863 1240 2936 honore
1258 2890 1336 2938 non

274 2984 398 3055 caruit.
455 2982 549 3054 Hinc
578 2981 714 3053 Chiron
742 2980 925 3053 Machaon
955 2991 992 3054 et
1020 2981 1221 3054 Podalirius
1252 2981 1335 3056 Diis

276 3124 389 3196 parea,
409 3124 512 3170 novae
538 3098 674 3172 scilicet
699 3105 738 3171 et
764 3099 863 3171 mirae
890 3099 977 3171 artis
1003 3100 1184 3183 cultores;
1214 3125 1335 3197 neque

273 3217 352 3312 ipse
370 3217 528 3288 Achilles
554 3239 575 3286 a
602 3215 785 3288 Centauro
810 3217 983 3310 magistro
1007 3217 1101 3290 hanc
1128 3225 1243 3290 artem
1270 3243 1333 3290 ex·

277 3333 394 3430 cipere
420 3332 634 3406 recusavit'.
688 3333 789 3406 Inter
816 3345 964 3406 caeteras
992 3334 1101 3406 etiam
1129 3346 1223 3408 artes
1252 3360 1335 3431 quae.

276 3458 312 3523 et
331 3451 536 3523 honorificae
560 3465 660 3522 erant
679 3462 716 3522 et
743 3461 903 3547 quastus
930 3452 1044 3546 gratia
1071 3453 1336 3527 exercebantur

276 3574 346 3642 Ars
365 3569 507 3641 Medica
524 3569 644 3640 locum
665 3569 772 3640 habet
786 3600 845 3638 :—

675 3749 714 3759 -
728 3717 752 3772 oi
767 3721 915 3793 δημιοεργοὶ
929 3722 1010 3783 ἔασιν,

437 3821 536 3874 lllrimr
549 3817 564 3886 ἣ
579 3819 669 3888 ἰητῆρα
683 3822 766 3872 κακῶν
780 3815 795 3886 ἦ
809 3821 915 3871 τέκτονα
930 3815 1037 3880 dedecor.

437 3915 516 3970 Or‘rror
529 3917 580 3988 γὰρ
595 3914 685 3983 κλητοί
696 3937 729 3986 γε
743 3917 847 3986 βροτῶν
861 3911 900 3968 ἐπ’
916 3915 1039 3985 ἀπείρονα
1052 3917 1129 3986 γαῖαν
1137 3913 1157 3971 ⁸.

279 4043 403 4114 Praxis
422 4055 542 4113 autem
562 4039 707 4112 Medica
725 4039 915 4112 herbarum
935 4050 1136 4137 potestates
1155 4043 1262 4115 unice
1279 4069 1335 4116 re-

278 4158 461 4255 spiciebat,
481 4165 517 4229 et
542 4159 578 4229 in
606 4157 762 4230 externis
789 4168 931 4228 tanturn
960 4156 1230 4230 medicamentis
1255 4185 1337 4232 ver-

318 4363 329 4390 ¹
353 4352 451 4432 Odysa.
469 4365 499 4410 Δ,
516 4372 582 4424 4¹¹·
703 4365 712 4384 ·
734 4355 776 4411 Il.
794 4371 821 4412 A.
840 4356 905 4428 830.
1035 4359 1043 4386 ¹
1067 4355 1208 4434 Odyac.1‘.
1226 4361 1293 4432 383.
