3094 4898
268 291 312 355 88
605 313 818 363 emansorro
842 313 987 374 eornm.

270 462 433 536 arbitror.
486 459 569 534 Suis
586 461 682 534 enirn
700 460 822 557 potius
839 484 949 557 quam
966 457 1136 556 Trojauis
1152 458 1327 556 tempori-

269 580 339 652 bus
363 580 486 651 locum
513 577 617 651 illum
643 577 822 673 adjudico,
852 577 891 648 in
918 600 992 672 quo
1018 575 1172 673 pulchre
1199 581 1239 648 et
1262 599 1325 647 ac-

271 707 395 768 curate
435 693 479 766 de
513 693 686 767 methodo
720 716 794 789 qua
821 691 957 766 ferrum
993 691 1185 765 induratur
1216 691 1329 765 verba

270 812 355 885 facit
366 818 380 859 Υ
392 841 454 883 :-
809 891 816 900 ,

400 955 448 1014 Ὦς
461 954 484 1010 d'
499 951 538 1009 ὅτ’
552 953 617 1027 ἀνὴρ
629 955 744 1025 χαλκεὺς
755 954 869 1011 πέλεκυν
881 954 963 1028 μέγαν
976 952 1005 1024 ipe*
1020 954 1167 1030 crisopras

405 1052 453 1107 Eis
465 1049 539 1107 ὕδατι
552 1051 651 1126 ψυχρῷ
662 1055 759 1118 βάπτεν
771 1053 874 1124 μεγάλη
887 1052 1004 1124 ἰάχοντα,

402 1150 579 1220 Φορμάοσον·
599 1148 630 1202 τὸ
642 1149 695 1220 γορ
708 1145 768 1203 οὔτε
782 1145 892 1220 σιδήρου
905 1169 934 1202 τε
947 1148 1041 1220 κράνος
1054 1147 1137 1202 ἐστίν.

272 1307 425 1381 Hesiodi
453 1304 705 1380 testimoninm
733 1306 844 1380 etiam
876 1304 916 1378 in
942 1306 1010 1380 hac
1039 1329 1078 1380 re
1104 1305 1144 1377 in
1172 1303 1326 1378 eundern

272 1425 384 1498 finem
401 1421 601 1497 consentit⁸
614 1453 676 1495 :—
935 1401 946 1416 ⁸

430 1594 491 1648 Τοῖς
504 1589 534 1660 ἦν
547 1593 647 1663 χᾶλκεο
659 1613 707 1662 μεν
718 1589 819 1664 τεύχεα,
835 1593 943 1663 χᾶλκεοε
957 1593 985 1649 δι’
999 1595 1040 1649 καὶ
1054 1587 1129 1658 οἶκοι,

434 1690 529 1762 xmp
542 1686 567 1744 δ’
581 1689 729 1762 ἐργάζοντο,
742 1689 824 1759 με’λοε
837 1689 860 1745 δ’
875 1689 922 1745 οὐκ
936 1691 998 1746 ἔσκε
1011 1690 1128 1762 σίδηρος·

276 1864 357 1937 quae
373 1848 469 1912 certe
486 1839 516 1913 si
533 1839 664 1915 sabulis
681 1848 789 1915 eruta
805 1843 880 1917 sint
897 1842 1134 1916 recentiorem
1152 1866 1229 1916 esse
1246 1844 1329 1918 serri

276 1981 386 2030 usum
404 1956 496 2031 etin
513 1958 693 2056 prioribus
714 1959 845 2034 secutis
861 1961 926 2034 vix
947 1961 1174 2034 intellectum
1191 1961 1329 2034 denun-

278 2074 409 2149 ciant⁸.
463 2075 564 2160 Quin
581 2089 618 2150 et
632 2077 808 2152 Historici
826 2079 911 2152 huic
928 2078 978 2152 rei
995 2079 1105 2152 fidem
1121 2078 1328 2152 adstruunt.

279 2192 425 2266 Bellum
449 2193 543 2267 iuter
561 2194 759 2291 Spartanos
782 2203 820 2270 et
836 2196 1012 2292 Tegeates
1036 2195 1146 2268 refert
1171 2195 1331 2269 Herodo-

278 2305 377 2397 tusi,
396 2316 434 2382 et
458 2309 599 2406 insigne
617 2311 768 2386 Oraculi
794 2337 1009 2410 responsum
1026 2312 1071 2386 de
1095 2314 1177 2386 loco
1203 2313 1241 2385 in
1258 2336 1332 2409 quo

281 2423 424 2499 Orestis
452 2450 536 2500 ossa
559 2429 819 2515 condebantur,
847 2429 946 2525 quod
971 2428 1114 2526 quidem
1134 2428 1333 2502 Oraculum

280 2543 371 2617 fabri
400 2543 537 2617 ferrarii
566 2545 747 2619 officinam
777 2547 929 2620 obscure
956 2546 1167 2642 designavit.
1221 2545 1334 2619 Dubi-

281 2660 444 2735 tantibus
479 2660 666 2760 Spartanis
705 2663 854 2736 tandem
898 2672 1015 2736 totam
1058 2687 1134 2736 rem
1184 2663 1334 2760 exponit

282 2777 424 2866 Lichas,
443 2778 590 2853 fortuna
606 2779 763 2878 quadam
785 2779 823 2853 in
841 2780 1020 2853 officinam
1036 2781 1201 2866 delatus;
1228 2780 1335 2852 mira·

282 2895 390 2968 batur
405 2919 492 2968 vero
517 2897 649 2994 hospes
676 2897 877 2994 Spartanus
903 2906 1076 2993 tanquam
1102 2920 1235 2970 novam
1259 2920 1336 2969 rem

283 3021 403 3094 fabros
426 3022 562 3096 ferrum
578 3025 820 3122 procedentes
835 3017 1041 3116 ι-ἐθηεῖτο
1067 3015 1226 3121 σίδηρον
1254 3013 1335 3120 ἐξε-

284 3135 527 3240 λαυνόμενον,
554 3147 615 3224 καὶ
644 3147 683 3225 ἐν
712 3139 876 3245 θωῧματι
907 3143 966 3245 ἦν,
997 3144 1113 3248 ὁρέων
1140 3142 1184 3226 τὸ
1210 3142 1335 3226 ποιεύ-

284 3300 398 3367 μενον
407 3283 430 3342 0.
485 3269 579 3354 Quae
602 3271 646 3342 de
672 3271 799 3344 eodem
818 3269 978 3343 Oraculo
1003 3270 1212 3361 Pausanias,
1231 3295 1338 3369 argu-

242 3433 245 3440 ·
286 3411 410 3477 mento
444 3407 569 3474 nostro
603 3399 714 3472 etiam
743 3398 858 3496 magis
881 3398 1122 3474 conveniant:
1162 3397 1270 3494 πῆμα
1298 3389 1339 3472 δὲ

287 3516 435 3607 εἰκότως
472 3516 654 3626 ἀνθρώπῳ
691 3516 758 3600 τὸν
791 3519 962 3623 σίδηρον,
1007 3518 1064 3600 ὅτι
1102 3521 1265 3625 ε’χρῶντο
1303 3521 1340 3608 ἐς

286 3649 353 3738 τὰς
370 3648 493 3757 μα’χας
511 3647 583 3749 ἤδη
610 3651 662 3757 τῷ
681 3644 836 3754 σιδήρῳ·
867 3643 915 3728 τὰ
938 3643 979 3726 δὲ
1007 3649 1066 3728 ε’πῖ
1090 3654 1165 3730 τῶν
1182 3645 1340 3752 Ἡρῶων

287 3780 526 3882 καλουμένων
554 3779 702 3858 ἀνεῖπεν
731 3771 839 3882 (lego
871 3775 917 3854 ἄν
952 3769 1077 3882 εἶπεν)
1110 3779 1130 3857 ὁ
1162 3776 1245 3863 θέος
1274 3779 1339 3856 ἀν-

288 3909 422 4018 θρώπῳ
445 3913 553 4010 πῆμα
575 3901 668 3987 εἶναι
692 3902 759 3987 τὸν
782 3901 928 4010 χαλκόν
940 3907 966 3983 ⁶.
1033 3904 1094 3978 Ab
1114 3903 1249 3978 iisdem
1275 3928 1341 3976 au·

328 4081 413 4142 5013.
430 4095 451 4142 1.
466 4107 525 4158 39¹·
875 4073 887 4108 ⁵
908 4075 977 4137 Lib.
991 4075 1011 4136 i.

279 4193 283 4204 ·
327 4160 646 4226 'Hesiod‚'a.ear'rr.
665 4185 720 4233 r5o.
874 4155 974 4216 eIaib.
989 4155 1010 4216 i.
1024 4157 1053 4215 α’
1064 4163 1106 4228 ⁶9.

329 4251 343 4282 ⁸
362 4239 432 4301 vid.
441 4239 530 4301 etiam
543 4239 724 4312 Laeuium,
737 4238 756 4298 l.
766 4258 794 4300 ν.
873 4241 889 4283 ³
908 4235 977 4297 Lib.
991 4255 1018 4296 ν.
1033 4253 1060 4296 ο.
1074 4244 1101 4295 8.

292 4335 469 4400 1285-1295·
