3094 4898
264 274 307 338 92
608 297 822 346 rnAErnorro
843 295 969 346 SEXTA.

265 443 366 529 Quin
391 452 431 519 et
455 444 517 518 illa
539 465 620 540 quae
642 443 795 518 heroicis
821 444 1048 541 temporibus
1074 467 1148 541 prae
1175 444 1314 517 caeteris

264 561 518 657 adjudicantur
531 559 677 657 hospitii
690 556 790 656 jura¹
800 559 878 656 jam
895 570 976 632 turn
993 559 1031 631 in
1044 561 1182 633 honore
1199 569 1313 646 erant,

264 702 331 751 nec
358 677 522 752 dissimili
550 677 623 750 ritu
651 678 917 774 peragebantur
944 675 1097 772 singula.
1152 677 1317 752 Comiter

264 800 362 868 certe
384 800 422 868 et
448 793 602 889 benigne
627 793 809 890 hospitem
832 817 942 866 suum
966 793 1102 890 excipit
1126 793 1313 878 Rebelrah,

265 919 302 984 et
324 911 363 982 in
383 911 497 1006 patris
515 910 665 982 domum
687 907 834 983 deducit
843 916 868 996 ⁸,
886 919 1059 1006 tanquam
1081 909 1143 983 illa
1165 907 1317 983 Homeri

266 1027 458 1102 Nausicaa.
488 1027 619 1101 Mensa
634 1026 822 1124 hospitalis
840 1027 965 1102 statim
981 1026 1183 1115 instruitur,
1199 1049 1317 1124 neque

265 1155 350 1218 aute
366 1149 531 1242 peractas
545 1143 653 1238 dapes
672 1143 716 1216 de
733 1167 862 1238 genere
879 1151 917 1217 et
930 1143 1084 1218 fortunis
1102 1145 1181 1242 ejus
1198 1167 1318 1218 sermo

264 1262 382 1336 sactus
407 1262 500 1334 esth.
553 1259 759 1333 Abeuntem
785 1261 894 1334 etiam
917 1285 1053 1358 pompa
1073 1267 1112 1334 et
1138 1267 1318 1334 concentu

265 1379 405 1453 musico
421 1374 760 1474 prosequebantur¹.
789 1377 1031 1473 Agriculturae
1046 1377 1182 1451 interea
1198 1378 1319 1474 aliqua

265 1519 311 1566 ex
337 1499 438 1590 parte
461 1515 610 1589 operam
635 1492 769 1566 dabant
794 1493 951 1589 utrique.
1004 1491 1172 1566 Venandi
1196 1492 1318 1565 studio

266 1609 365 1706 apud
381 1615 555 1705 utrosque
576 1632 654 1680 sese
677 1608 907 1682 oblectabant
929 1610 993 1706 qui
1016 1608 1199 1683 ferocioris
1216 1617 1319 1682 erant

266 1725 421 1812 indolis;
452 1724 565 1821 magis
588 1724 730 1798 delicati
755 1725 899 1799 interim
928 1733 965 1798 et
990 1727 1127 1812 molles,
1147 1735 1321 1824 tanquam

266 1843 326 1917 ille
353 1841 569 1916 Homericus
594 1843 802 1915 Alexander
823 1841 1001 1940 placidam
1025 1842 1182 1938 pastoris
1208 1843 1320 1915 vitam

268 1961 445 2056 agebant:
500 1957 682 2035 “Quibus
716 1958 850 2032 adultis
890 1958 1010 2033 factus
1044 1965 1101 2032 est
1133 1957 1231 2031 Esau
1265 1956 1321 2031 vir

268 2103 402 2175 gnarus
429 2078 585 2150 venandi
611 2089 647 2150 et
674 2077 783 2150 homo
810 2077 950 2174 campi:
977 2075 1092 2150 Jacob
1118 2087 1242 2150 autem
1267 2075 1323 2148 vir

269 2197 435 2292 simplex,
453 2194 638 2268 habitabat
663 2193 702 2267 in
718 2191 1026 2268 tabernaculis¹.'’
1079 2193 1159 2268 Nec
1177 2196 1322 2269 domes-

268 2313 351 2384 ticae
368 2310 649 2384 consuetudines
671 2317 890 2408 repugnant.
927 2311 1079 2385 ¹Eadem
1096 2323 1152 2385 est
1170 2310 1267 2384 Sarae
1283 2311 1323 2384 in

271 2427 586 2501 domoAbrahami
603 2427 763 2501 conditio
781 2438 818 2501 et
831 2429 998 2525 dignitas,
1011 2456 1092 2527 quae
1109 2429 1147 2503 iu
1157 2429 1323 2504 Hernicis

270 2555 495 2653 temporibus
512 2557 547 2629 ei
563 2581 644 2654 quae
657 2558 860 2655 appellatur
877 2551 1042 2654 κουριδίη
1062 2550 1203 2655 ἄλοχος
1210 2553 1232 2628 ¹.
1261 2559 1323 2632 Ad

269 2671 363 2749 filios
389 2680 512 2748 autem
538 2675 768 2770 pertinebant
794 2676 918 2748 matris
939 2675 1067 2771 juram.
1125 2675 1223 2749 Hinc
1248 2701 1322 2773 prae

270 2790 382 2864 fratre
399 2790 476 2885 ejus
494 2788 641 2863 humilis
658 2801 695 2861 et
713 2789 876 2885 abjectus
894 2790 1051 2862 Ishmael
1062 2799 1088 2862 ¹¹.
1139 2790 1224 2864 Jam
1242 2799 1322 2864 turn

271 2901 381 2976 etiam
398 2903 564 2976 dedecori
582 2909 658 2976 erat
676 2903 813 3001 nuptiis
832 2903 989 2978 caruisse
999 2910 1023 2992 ⁰,
1042 2906 1100 2978 vel
1118 2905 1213 2979 inter
1229 2931 1323 3002 nup-

271 3019 340 3092 tias
374 3019 601 3093 sterilitatem
635 3021 733 3116 pati:
779 3027 800 3057 “
813 3019 939 3116 Hagar
965 3021 1174 3119 concepisse
1203 3047 1242 3096 se
1272 3023 1324 3096 vi·

273 3134 361 3207 dens
378 3133 543 3231 despexit
560 3135 744 3208 dominam
763 3140 928 3210 suam⁹.''
982 3143 1005 3174 “
1018 3137 1180 3213 Cernens
1202 3151 1325 3214 autern

273 3249 412 3322 Rachel
429 3250 527 3346 quod
549 3251 755 3325 infoecunda
778 3260 884 3340 esset,
901 3252 1032 3327 invidit
1054 3254 1167 3327 sorori
1184 3279 1270 3342 suae,
1290 3265 1328 3329 et

273 3366 326 3438 ait
345 3366 477 3440 marito
500 3391 579 3456 suo,
598 3368 656 3442 Da
675 3369 766 3442 mihi
792 3371 935 3459 liberos,
955 3372 1113 3469 alioquin
1132 3371 1263 3446 moriar
1271 3377 1325 3446 ‘l”

273 3481 331 3556 De
356 3483 481 3557 eadem
507 3508 616 3558 mox:
654 3485 872 3584 “Concepit
894 3499 931 3561 et
954 3488 1094 3585 peperit
1122 3489 1250 3576 filium,
1275 3489 1327 3562 di·

273 3624 370 3694 cens,
401 3601 564 3675 Abstulit
593 3601 694 3676 Deus
721 3603 955 3701 opprobrium
984 3609 1167 3678 meum¹.'’
1226 3607 1328 3680 Idem

314 3775 407 3836 (θαι.
422 3775 502 3836 xviii.
898 3780 967 3856 Gen.
982 3779 1082 3839 xxxiii.
1099 3791 1124 3841 6.

314 3853 420 3914 ⁸Ibid.
435 3857 514 3916 xxiv.
860 3867 872 3890 '¹
886 3859 964 3919 Ibid.
980 3861 1041 3920 xxi.
1057 3885 1099 3934 30.

314 3930 517 3996 ¹²1bid.xxir.
533 3955 578 4008 ³5·
860 3946 873 3976 ⁰
889 3937 966 3998 lbid.
980 3939 1059 3999 xxix.
1075 3951 1114 4002 26.

315 4009 322 4042 ⁸
337 4010 415 4070 Ibid.
430 4013 510 4073 xviii.
529 4027 574 4084 1⁶3
596 4012 674 4076 xxxi.
692 4038 732 4091 ²⁷·
860 4015 968 4077 ”Ibid.
984 4019 1041 4078 xri.
1053 4044 1080 4091 4,
1094 4019 1227 4082 exVers.
1237 4020 1328 4100 Vulg.

315 4085 330 4124 ¹¹
352 4089 428 4180 ibid.
442 4111 509 4152 xxv.
525 4117 566 4166 η.
589 4094 673 4155 Vera.
688 4095 782 4174 Vulg.
862 4103 876 4144 ‘¹
892 4096 967 4158 lbid.
980 4119 1047 4157 xxx.
1063 4100 1328 4180 1‚erVers.Vulg.

274 4254 287 4307 ἰ
315 4165 408 4248 lvrd.
436 4173 654 4234 Praebctiomm
689 4176 783 4250 Quar-
822 4176 965 4312 V'llbid.
998 4198 1066 4238 ux.
1101 4205 1140 4254 η,
1170 4201 1208 4240 cx
1241 4180 1327 4242 Vera.

288 4267 343 4306 am.
855 4275 913 4334 ug.
