3058 4902
272 325 339 390 286
522 331 737 382 ramsnorro
759 329 1084 380 necruasrrrrrm.

274 485 410 582 passim
435 482 640 577 confugere.
693 478 784 554 Haeo
810 485 866 592 est
891 480 955 552 illa
971 479 1124 552 Homeri
1147 481 1334 578 praecipua

274 606 356 677 laus
374 599 590 674 narrationis
616 596 744 671 seriem
761 596 988 670 sermonibus
1013 603 1052 668 et
1071 596 1257 692 colloquiis
1278 596 1333 670 in·

274 719 458 816 terpositis
485 716 589 814 qnasi
615 716 797 816 coloribus
823 714 1029 787 distinxisse
1055 724 1094 790 st
1120 737 1223 786 suam
1248 738 1333 809 per·
1457 708 1463 719 “

275 861 402 912 sonam
420 834 545 909 statim
561 858 583 906 a
602 839 802 929 conspectu
819 831 1021 917 abduxisse,
1041 830 1138 904 unde
1154 829 1216 902 illa
1232 831 1333 903 Aris·

274 966 399 1040 totelis
416 964 620 1038 non-semel
637 963 732 1035 diota
751 986 832 1046 vox,
853 952 920 1030 οὐκ
939 953 1070 1052 ἀγνοεῖ
1092 952 1113 1028 ὁ
1137 945 1198 1029 δεῖ
1214 957 1334 1030 ποιεῖν

274 1074 580 1183 cirris-privos
598 1080 672 1186 γὰρ
699 1083 766 1160 οὐκ
793 1080 851 1160 ὅτι
877 1079 930 1175 εὖ,
950 1075 1036 1158 ἀλλ’
1056 1077 1114 1158 ὅτι
1140 1080 1201 1158 καὶ
1218 1077 1332 1178 μιμή-

276 1245 357 1295 σεις
387 1204 614 1313 δραματικᾶς
643 1208 821 1305 ἐποίησεν
831 1195 850 1286 ¹.
903 1213 1006 1291 Nihil
1036 1213 1147 1309 igitur
1171 1213 1269 1285 aliud
1293 1213 1332 1286 in

276 1333 348 1405 hoc
375 1355 530 1404 excursu
557 1326 632 1424 agit
658 1327 782 1413 Poeta,
811 1348 922 1422 qnam
947 1337 992 1398 ut
1021 1328 1125 1412 solet,
1155 1349 1177 1398 a
1203 1325 1335 1421 frigida

276 1449 481 1523 narratione
507 1445 691 1519 advivam
716 1443 960 1517 imitationem
979 1450 1002 1480 “
1018 1444 1226 1517 distinctam
1252 1469 1334 1540 per-

276 1566 374 1639 sonis
400 1575 437 1639 et
463 1563 690 1637 sermonibus
716 1561 987 1657 interpunctam
1000 1563 1021 1594 ’'
1040 1584 1079 1633 se
1104 1561 1269 1657 proripit,
1287 1562 1335 1634 ad

275 1687 436 1785 μίμησιν
453 1703 489 1764 ct
508 1680 733 1763 ἀπεικασίαι)
750 1698 794 1763 ut
810 1689 973 1763 Platonis
989 1689 1109 1763 verbis
1125 1700 1220 1763 utar.

326 1809 572 1907 Adjungimus
599 1815 797 1904 cognatum
826 1808 915 1881 illud
945 1807 1117 1882 Hectoris
1146 1832 1229 1881 cum
1256 1807 1335 1880 An·

278 1928 472 2000 dromacha
490 1927 726 2019 colloquium,
746 1926 790 1998 de
809 1950 882 2023 quo
906 1927 987 2022 quis
1010 1949 1085 1997 non
1102 1923 1201 1997 videt
1218 1931 1335 1998 totam

279 2069 355 2118 rem
382 2045 427 2117 ad
453 2053 610 2116 mortem
638 2043 806 2117 Hectoris
833 2044 1036 2139 aagendam
1062 2067 1208 2139 prorsus
1234 2067 1334 2116 com-

278 2163 409 2258 parari,
439 2162 501 2258 qui
536 2170 634 2234 certe
664 2171 816 2233 eventus
851 2160 889 2232 in
922 2159 1034 2234 Iliade
1068 2159 1227 2255 primum
1260 2160 1335 2233 sere

277 2279 400 2350 locum
417 2278 537 2350 habet.
585 2276 671 2349 Non
689 2278 766 2373 jam
786 2277 903 2350 virum
920 2277 1095 2351 deflemus
1114 2277 1158 2350 de
1176 2276 1280 2372 plebe
1298 2283 1336 2350 et

278 2394 414 2467 nullius
428 2394 584 2466 nominis
603 2394 665 2466 sed
678 2394 953 2467 Andromaches
967 2392 1127 2466 Hectora
1143 2394 1207 2466 sed
1218 2393 1336 2490 Trojae

277 2512 482 2607 presidium
507 2521 543 2584 et
569 2511 713 2608 publice
739 2518 777 2584 et
802 2512 974 2607 privatim
1000 2511 1131 2584 domus
1148 2511 1335 2583 Priameiae

279 2627 400 2702 decus.
446 2626 632 2724 Quicquid
656 2627 767 2724 igitur
783 2629 830 2700 ad
847 2630 1047 2701 ornandam
1066 2627 1238 2701 Hectoris
1254 2652 1334 2723 per-

279 2769 408 2818 sonam
425 2745 523 2830 fecit,
539 2746 618 2841 pari
639 2745 722 2840 jure
745 2745 791 2817 ad
814 2744 1065 2818 illustrandam
1082 2745 1161 2839 ejus
1179 2751 1336 2819 mortem

278 2879 402 2952 referri
422 2859 554 2976 potest,
574 2878 743 2975 denique,
763 2883 806 2951 ut
824 2877 958 2952 Graecis
981 2877 1099 2952 verbis
1125 2885 1220 2968 utar,
1238 2873 1341 2948 ποιεῖ

274 3001 459 3112 ,ἐπίδηλον
474 3009 573 3081 huno
590 3007 726 3081 Iliados
743 3008 874 3082 fabulae
891 3008 1086 3082 cardinem.

329 3123 443 3195 Mitto
478 3149 654 3198 excursus
689 3125 846 3199 minores
881 3124 1012 3222 quibus
1047 3127 1148 3198 nulla
1176 3123 1334 3198 narratio

279 3264 401 3314 carere
427 3250 569 3337 potest:
599 3266 706 3314 nemo
734 3242 773 3314 in
798 3241 984 3315 communi
1010 3265 1175 3315 sermone
1201 3244 1254 3314 ita
1280 3243 1334 3314 lo·

279 3358 403 3454 quitur
427 3364 675 3454 utnusquam
701 3383 723 3430 a
749 3370 847 3432 recto
873 3383 987 3446 cursu¹
1010 3358 1189 3445 deflectat,
1217 3382 1335 3454 neque

281 3474 312 3546 si
338 3473 417 3546 Diis
442 3475 561 3570 placet
586 3473 637 3545 ita
661 3476 870 3572 loquentem
897 3475 1056 3547 ferimus.
1107 3473 1229 3546 Habet
1257 3474 1336 3571 ipsa

279 3614 399 3664 rerum
418 3591 474 3662 vel
496 3591 722 3664 minutarum
745 3591 854 3665 series
878 3616 964 3664 suos
982 3589 1044 3688 qui
1061 3615 1107 3664 ex
1124 3591 1236 3664 latere
1252 3591 1334 3687 pul-

279 3708 399 3781 lulant
418 3733 551 3782 ramos.
1056 3707 1060 3714 ’

330 3825 383 3896 At
409 3851 493 3899 vero
519 3825 688 3898 Nestoris
714 3826 867 3899 sortasse
892 3827 1002 3922 longa
1027 3825 1157 3898 Oratio
1182 3826 1221 3898 in
1252 3829 1335 3898 ll¹²⁰

279 3941 390 4014 Libro
423 3968 489 4039 pro
524 3943 745 4038 digressione
779 3943 945 4016 habenda
978 3949 1058 4017 est:
1096 3967 1178 4039 qnae
1211 3925 1334 4015 tanien

280 4059 409 4132 Oratio
435 4083 479 4131 ex
509 4059 589 4157 ipsa
616 4059 778 4133 Nestoris
808 4084 964 4156 persona
988 4071 1025 4134 et
1051 4059 1155 4134 senili
1184 4058 1334 4157 garruli-

278 4179 355 4248 tate
385 4199 451 4248 sua
477 4187 606 4273 sponte
633 4175 790 4272 profluit,
821 4178 910 4274 quin
939 4183 976 4250 et
1006 4176 1163 4250 Patrocli
1194 4175 1332 4251 miseri-

398 4354 408 4378 ‘
427 4348 521 4416 Paos,
537 4369 561 4407 e.
579 4369 626 4421 24·
1009 4348 1020 4389 ἴ
1038 4349 1129 4422 Ibid,
1142 4370 1169 4411 c.
1183 4371 1212 4424 4.

1461 4137 1493 4245 t
