3058 4902
279 349 344 413 312
531 355 743 407 rfflnscrro
762 355 1062 406 necrus-carm.

280 511 509 601 compertum
525 505 758 579 babuerimus
782 528 890 602 posse
914 504 1020 576 illum
1044 503 1233 578 affectibus
1253 528 1334 576 mo·

281 623 407 710 derari,
427 630 466 694 et
490 621 564 696 acri
582 621 720 717 judicio
745 622 868 694 omnia
887 643 1113 717 quaecunque
1138 620 1338 694 obveniant

281 739 468 836 subjieere,
500 763 573 835 quo
602 744 710 834 pacto
744 762 784 812 se
817 747 917 832 geret
950 737 1076 810 latebit
1105 736 1239 823 forsan,
1268 737 1334 810 oed

281 858 480 954 prudenter
495 880 535 928 se
550 879 742 951 gessurum
759 879 838 928 esse
855 879 930 928 non
947 855 1167 928 dubitamus.
1200 853 1342 928 Contra

283 974 314 1046 si
346 973 430 1045 huic
461 979 527 1045 aut
552 971 605 1044 illi
635 971 790 1045 lubidini
819 971 998 1044 obnoxius
1026 971 1085 1058 sit,
1111 977 1155 1042 ut
1179 981 1342 1067 nequeat

283 1089 415 1164 rationi
442 1089 536 1163 serio
566 1090 767 1175 consulere,
797 1100 932 1162 temere
960 1094 998 1161 et
1024 1087 1230 1160 inconsulto
1260 1113 1341 1161 rem

284 1229 476 1302 murum
510 1205 802 1301 pronuntiamus,
833 1205 1043 1300 ubicunque
1075 1203 1243 1278 inciderit
1276 1228 1341 1276 oc-

285 1321 383 1398 casio
403 1345 485 1418 quae
509 1321 708 1394 lubidinem
733 1321 869 1394 hancce
894 1327 1133 1392 commoveat.
1187 1318 1342 1417 Siquam

284 1441 324 1512 in
351 1437 631 1512 misericordiam
665 1443 703 1510 et
733 1437 968 1510 humaniores
1001 1437 1153 1508 affectus
1179 1460 1340 1532 pronum

286 1579 365 1628 esse
393 1553 612 1638 noverimus,
639 1553 856 1626 benevolum
886 1553 1016 1625 saltem
1041 1553 1080 1624 in
1104 1550 1258 1624 aliorum
1283 1551 1341 1623 in-

286 1670 444 1744 fortunia
461 1695 500 1743 se
523 1668 758 1766 praebiturum
775 1668 1005 1743 confidimus.
1057 1668 1095 1739 A
1111 1677 1267 1764 tyranno
1285 1668 1341 1740 vi·

287 1787 410 1862 cissim
428 1797 465 1860 et
485 1785 619 1858 immiti
634 1785 782 1858 homine
804 1785 927 1858 omnia
943 1785 1124 1858 contraria
1142 1786 1246 1880 justa
1261 1808 1343 1856 sus·

287 1902 429 2000 picione
452 1900 709 1998 pretimemus.
761 1903 817 1975 Ab
833 1901 977 1974 Achille
996 1902 1122 1973 statim
1138 1923 1288 1995 gravem
1304 1907 1344 1973 et

288 2019 444 2092 ferocem
460 2017 683 2092 iracundiam
699 2029 944 2114 expectamus,
959 2015 1078 2113 siquid
1095 2015 1147 2088 illi
1163 2016 1209 2088 ad
1227 2016 1343 2090 hono·

288 2157 364 2206 rem
383 2134 454 2206 iter
469 2135 647 2221 obstruat,
666 2134 712 2207 ab
728 2135 1003 2230 Agamemnone
1019 2132 1096 2205 vim
1115 2138 1154 2204 et
1172 2131 1344 2228 injuriam

289 2249 409 2347 siquid
430 2249 536 2346 regiae
558 2250 732 2346 potestati
753 2260 789 2323 et
813 2249 994 2347 dignitati,
1018 2272 1130 2346 quam
1156 2248 1225 2321 sibi
1246 2272 1344 2321 arru-

287 2366 407 2462 gabat,
425 2366 644 2440 adversetur.
699 2367 756 2440 lta
780 2365 1102 2440 animadvertendo
1129 2391 1211 2462 quae
1234 2371 1345 2438 antea

289 2482 371 2580 quis
387 2483 501 2578 egerit
516 2488 582 2555 aut
598 2480 827 2578 dixeritque
843 2482 952 2556 modo
970 2505 1008 2556 sc
1025 2480 1189 2578 gesserit,
1207 2481 1341 2578 quibus

288 2597 484 2671 virtutibus
509 2608 547 2672 et
563 2596 660 2672 vitiis
685 2597 827 2688 deditus
853 2597 962 2671 fuerit
984 2587 1122 2688 (iisdem
1148 2597 1245 2670 enim
1268 2597 1342 2670 fere

289 2737 516 2811 peromnem
532 2713 643 2786 vitam
668 2715 816 2788 obnoxii
842 2739 981 2802 sumus,
1000 2714 1152 2788 eandem
1169 2713 1264 2786 mam
1284 2715 1342 2788 in·

290 2829 414 2903 sistere
435 2829 630 2926 pergimus)
650 2830 825 2904 habemus
841 2853 913 2927 quo
938 2853 1159 2926 revocamus,
1177 2829 1249 2904 boc
1273 2840 1342 2918 est,

290 2949 359 3021 sub
384 2972 456 3044 quo
480 2973 611 3043 genere
635 2948 894 3024 distribuamus
911 2948 1086 3024 Actiones
1112 2947 1223 3022 etiam
1249 2972 1342 3020 non-

289 3064 380 3136 dum
399 3063 437 3136 in
454 3066 574 3138 lucem
590 3067 761 3162 prolatas.
814 3065 897 3139 Jam
915 3090 1001 3140 vero
1024 3065 1069 3138 ad
1089 3063 1186 3138 illam
1203 3063 1345 3138 Aristo-

289 3180 373 3254 telis
391 3181 643 3286 ¹definitionem
669 3183 891 3270 devenimus,
909 3207 990 3280 quae
1015 3191 1130 3279 totam
1155 3182 1250 3254 hanc
1265 3206 1343 3254 rem

290 3312 552 3407 complectitur.
592 3295 710 3384 Ἔστι
729 3301 768 3382 δὲ
785 3300 875 3402 ἦθος
890 3300 960 3402 μὲν
976 3299 1020 3384 τὸ
1037 3307 1218 3396 τοιοῦτον,
1239 3299 1260 3380 ὃ
1278 3305 1345 3402 δη·

290 3428 356 3509 lot
369 3426 439 3531 τὴν
453 3429 676 3534 προαίρεσιν
692 3427 803 3510 ὁποῖά
828 3465 884 3514 τις
908 3432 1026 3526 ἐστὶν,
1044 3431 1085 3508 ἐν
1103 3427 1157 3512 οἷς
1175 3427 1243 3506 οὐκ
1262 3427 1345 3509 ἔστι

292 3553 466 3657 δῆλον,ἢ
491 3553 720 3662 προαιρεῖται
744 3555 769 3658 ἢ
792 3555 962 3665 φεύγειὸ
986 3555 1142 3658 λέγων’.
1193 3563 1344 3638 Morum

290 3683 414 3778 itaque
439 3683 570 3756 notitia
594 3689 633 3756 et
648 3683 874 3756 adumbratio
901 3682 940 3754 in
956 3682 1027 3754 hoc
1043 3685 1218 3766 versatur,
1238 3691 1282 3754 ut
1305 3681 1345 3754 in

290 3813 660 3909 quavisrcsecretum
673 3811 783 3914 animi
795 3809 996 3898 consilium,
1008 3795 1078 3900 τὴν
1089 3799 1344 3903 προαίρεσιν,

289 3953 354 4004 seu
371 3926 452 4027 quis
469 3929 615 4025 elegerit
631 3927 769 4026 aliquid
785 3951 851 4002 seu
876 3933 1064 4002 aversatus
1081 3925 1203 4012 brerit,
1221 3925 1274 3999 ita
1289 3926 1345 3999 in·

290 4056 495 4154 telligamus
507 4066 545 4130 et
561 4077 795 4156 exponamus,
808 4063 853 4130 ut
865 4081 911 4130 ex
923 4081 997 4154 quo
1009 4077 1149 4154 genere,
1169 4054 1217 4126 sit
1233 4040 1346 4125 ὁποῖά

330 4209 343 4252 l
363 4203 460 4276 Post,
472 4219 498 4263 c.
514 4203 544 4261 6.
834 4208 1036 4281 προαίρεσιν
1042 4202 1130 4262 Ulm-
1140 4199 1229 4262 Alex.
1240 4203 1345 4274 Poed,

329 4285 406 4353 'ule
422 4285 451 4340 dt
465 4287 577 4341 ἑκάστου
592 4283 796 4358 τῦνᾶιθρόιιον
834 4281 855 4342 l.
870 4281 913 4344 iii.
927 4301 955 4346 o.
972 4301 1017 4355 ιι,
1032 4301 1063 4360 p.
1075 4299 1142 4358 ²53·

291 4360 404 4418 &walae
425 4363 534 4432 '1le
550 4363 653 4431 ἐστὶιῆ
671 4367 718 4419 τοῦ
734 4364 798 4432 βίον
