3058 4902
546 363 758 414 rnnnrerro
786 365 963 416 rrensrrm.
1216 355 1278 420 341

225 509 276 585 ita
300 512 461 609 ejusdem
479 515 623 614 Ulyssis
641 516 752 591 tacita
775 517 837 590 sed
855 527 960 590 atrox
977 521 1016 589 et
1036 517 1184 590 efferata
1202 515 1280 590 rin·

224 629 329 704 dictae
347 655 428 727 spes
439 663 506 706 :-

383 783 460 842 Ἀλλ’
474 786 556 842 ἆκέων
569 788 660 858 κίνησε
674 791 738 860 κάρη
753 787 817 843 md
831 783 1073 858 flucrrodopnicv'.

223 909 347 985 Addas
366 912 565 1009 Eurylochi
581 915 628 987 ad
645 913 819 1011 Ulyssem
835 937 959 1011 preces
971 944 1034 988 :-

383 1061 426 1134 Μῆ
439 1063 466 1136 μ’
479 1066 528 1138 dyc
541 1066 608 1122 κάπ’
621 1068 729 1124 dimna
741 1067 961 1140 dwrprqldsffld
974 1063 1155 1125 ltu'atror’e1.

223 1186 391 1288 Denique
418 1198 463 1265 ut
497 1192 574 1266 haec
608 1193 729 1266 omnia
758 1219 839 1290 quae
874 1192 1035 1290 percurri
1069 1193 1281 1268 summatim

222 1314 453 1411 complectar,
491 1328 556 1390 aut
590 1339 636 1390 ex
666 1341 729 1390 ore
763 1318 879 1414 ipsius
908 1341 1072 1415 personae
1102 1343 1210 1414 quarn
1241 1317 1280 1392 in

222 1433 383 1504 medium
401 1432 618 1530 proferimus
635 1433 808 1508 declarari
829 1443 952 1530 potest
969 1434 1048 1530 ejus
1065 1435 1176 1508 animi
1192 1461 1279 1510 con·

222 1547 342 1621 silium
359 1560 397 1622 et
422 1551 616 1639 sententia,
639 1557 734 1648 (quae
752 1550 935 1625 sententia
960 1551 992 1625 si
1015 1577 1085 1626 usu
1111 1552 1280 1650 frequen·

220 1671 297 1739 tata
314 1665 422 1740 luerit
441 1668 519 1764 jam
543 1667 588 1741 ad
613 1693 735 1742 mores
758 1667 995 1766 complendos
1013 1668 1111 1757 lacit,
1128 1670 1191 1744 vix
1209 1694 1278 1742 un-

220 1805 330 1879 quam
347 1790 474 1857 autem
499 1809 545 1858 ex
568 1787 676 1859 rebus
692 1787 800 1859 unice
822 1786 959 1883 pendet
984 1787 1096 1860 etita
1113 1797 1169 1860 est
1192 1788 1278 1860 soli-

219 1900 311 1973 taria
326 1908 370 1975 ut
385 1903 526 1975 nullam
544 1903 678 1976 habeat
694 1927 779 1976 cum
798 1910 898 1976 statu
916 1901 1028 1976 animi
1046 1901 1273 1992 societatem)

219 2027 283 2090 aut
311 2025 467 2113 possunt
496 2043 615 2094 mores
645 2044 691 2092 ex
718 2018 837 2094 verbis
867 2019 1000 2116 quibus
1031 2019 1091 2092 alii
1120 2019 1278 2117 aliquem

218 2135 439 2230 compellant
468 2135 612 2232 exponi,
645 2143 712 2211 aut
740 2137 836 2210 inter
864 2138 1086 2210 narrandum
1113 2161 1137 2209 a
1169 2147 1279 2234 poeta

218 2248 397 2345 designari
419 2276 464 2324 ex
487 2251 632 2326 actione
652 2253 710 2326 vel
733 2252 864 2350 agendi
890 2254 999 2326 modo
1023 2253 1176 2348 singulis
1198 2279 1278 2351 per·

218 2365 317 2440 sonis
339 2367 528 2456 attributo,
548 2381 613 2444 aut
637 2395 681 2444 ex
707 2396 829 2445 rerum
853 2369 1111 2444 distributione
1134 2378 1172 2442 et
1196 2371 1278 2444 loco

218 2508 325 2581 quem
352 2485 486 2584 singuli
520 2495 703 2584 occupant
731 2495 770 2560 et
798 2487 929 2582 egendi
955 2485 1108 2573 vicibus,
1137 2498 1202 2560 aut
1231 2513 1277 2562 ex

217 2600 398 2676 celeritate
424 2611 461 2676 et
491 2605 783 2702 promptitudine
812 2604 992 2676 sactorum
1018 2608 1057 2676 et
1081 2603 1277 2677 verbomm

216 2719 344 2817 inqua
365 2721 599 2796 confirmatus
625 2721 738 2795 animi
762 2720 907 2795 habitus
933 2744 972 2793 se
998 2743 1163 2794 exserere
1178 2720 1278 2794 vide-

217 2846 289 2924 tur,
307 2846 383 2926 aut,
401 2837 511 2912 etiam
529 2837 560 2912 si
583 2848 743 2912 mentem
760 2837 896 2911 affectu
917 2836 1038 2934 aliquo
1055 2837 1277 2911 concitatam

216 2950 473 3049 exprimamus,
486 2954 623 3027 nudam
641 2955 701 3028 hio
714 2978 860 3052 qnoque
878 2977 1001 3027 rerum
1018 2952 1146 3028 seriem
1160 2962 1276 3028 trans·

215 3070 401 3165 gradimur
416 3078 455 3145 et
476 3081 643 3168 exparte
662 3071 880 3170 attingimus
897 3070 1020 3146 viram
1043 3096 1189 3146 morum
1213 3072 1276 3146 de-

218 3186 459 3282 scriptionem.

267 3303 363 3378 Sunt
391 3311 428 3378 et
461 3306 533 3379 alia
567 3306 804 3380 hauddubie
837 3331 982 3380 morum
1015 3306 1161 3394 indicia,
1193 3329 1274 3401 quae

215 3423 312 3519 apud
340 3433 467 3520 poetas
502 3434 738 3521 usurpantur,
767 3431 918 3497 externa
944 3423 1025 3497 dico
1060 3423 1164 3518 signa
1191 3445 1272 3520 quae

212 3556 364 3629 affectus
398 3560 464 3629 aut
499 3579 619 3631 mores
653 3557 889 3646 comitantur,
927 3545 1030 3625 ἄλλα
1064 3540 1187 3644 ἠθικὰ,
1223 3551 1276 3627 ait

215 3683 442 3774 Aristoteles,
475 3673 522 3757 τὰ
557 3672 720 3777 ἑπόμενα
752 3678 901 3784 decerpi
935 3673 1017 3775 ἤθει
1029 3674 1044 3714 '
1045 3737 1055 3755 .
1116 3680 1164 3755 In
1196 3681 1276 3781 ipso

213 3802 320 3875 vultu
345 3791 490 3876 incessu
514 3814 553 3876 et
578 3808 683 3896 gestu
705 3799 864 3898 plurima
888 3809 976 3874 sunt
993 3821 1074 3895 qnae
1090 3799 1203 3894 vulgo
1227 3800 1275 3871 ad

213 3943 332 3992 mores
350 3919 542 3993 hominum
560 3918 776 4005 referuntur,
797 3939 879 4012 queo
896 3923 934 3991 et
951 3916 1139 3990 intellectu
1154 3914 1275 3990 facilia

214 4045 300 4110 suut
317 4042 355 4109 et
372 4035 560 4110 communi
583 4034 747 4110 omnium
764 4059 835 4110 usu
857 4031 1057 4120 notissima,
1075 4031 1175 4104 unde
1191 4031 1273 4106 Vir-

211 4159 332 4255 gilius,
349 4159 481 4235 “Vera
497 4160 642 4235 incessu
660 4157 780 4257 patuit
792 4158 933 4233 Dea¹.”
965 4155 1009 4229 In
1026 4164 1179 4229 externo
1196 4181 1273 4231 cor·

331 4315 345 4340 ¹
368 4307 473 4388 Odyee.
488 4321 517 4367 Ρ.
533 4308 602 4386 465.
906 4312 919 4338 ¹
940 4301 1020 4364 Ibid.
1037 4313 1070 4362 K.
1086 4301 1154 4362 266.

293 4393 303 4427 ’
323 4387 455 4448 Aristot.
471 4387 572 4462 Bias,
588 4386 608 4446 l.
623 4385 666 4446 iii.
680 4403 706 4446 o.
726 4383 771 4446 16.
985 4391 1008 4464 „¹
1027 4383 1112 4455 ΛΜ,
1128 4381 1148 4443 1.
1167 4401 1193 4444 r.
