3058 4902
265 329 331 392 368
494 337 704 388 ranacario
730 335 1083 386 VIOBSIJIA-SEOUNDA.

266 515 397 587 magna
408 515 453 568 ex
468 492 537 564 hoc
548 487 699 562 artificio
710 486 870 560 subsidia
880 486 1077 558 habebant:
1096 485 1325 581 inpromptu

266 620 343 681 erat
360 607 515 680 intanto
533 607 693 679 materiae
710 627 787 678 suae
804 627 934 698 campo
952 626 1063 699 quam
1081 601 1248 675 semitam
1268 601 1325 674 in·

265 734 443 818 sisterent,
463 756 536 828 quo
554 731 666 804 ductu
690 753 756 802 sua
773 727 923 822 vestigia
939 733 1114 821 regerent.
1166 725 1221 798 Ea
1238 751 1323 822 quae

265 849 366 944 prius
384 849 590 944 obtigerant
606 849 663 920 vel
684 847 781 920 fama
803 844 975 940 obtigisse
1000 845 1217 930 ferebantur,
1235 855 1322 916 tan-

153 1059 158 1066 ·
266 990 376 1060 quam
400 989 443 1038 eo
468 965 549 1062 ipso
567 964 783 1050 verisimilia,
803 965 861 1036 sui
877 962 970 1059 juris
993 987 1072 1036 esse
1090 962 1320 1058 judicabant,

265 1083 312 1164 rol
330 1081 512 1186 γενόμενα
529 1081 693 1191 φανερὸν
712 1084 769 1165 ὅτι
787 1080 937 1179 δυνατά,
954 1082 997 1161 ori
1014 1081 1087 1184 γὰρ
1105 1081 1152 1160 ἅν
1171 1080 1321 1182 ἐγένετο

200 1226 206 1237 ’
266 1217 297 1291 εἰ
327 1210 373 1311 ἦν
399 1211 590 1293 dddvara‘.
644 1221 765 1294 Etiam
791 1221 821 1292 si
844 1227 946 1293 extra
969 1219 1320 1292 verisimilitudinem

265 1335 399 1409 suerint
422 1339 598 1411 nonnulla
613 1337 779 1435 populari
800 1343 922 1408 tamen
940 1336 1036 1409 fama
1058 1337 1207 1430 vulgata
1223 1335 1322 1407 intra

266 1453 428 1550 poeticos
458 1479 546 1527 usus
576 1455 850 1527 reducebantur.
903 1453 1001 1527 Tuto
1035 1452 1146 1548 igitur
1179 1453 1217 1524 in
1248 1452 1323 1524 hoc

266 1569 418 1642 materia
433 1572 669 1644 versabantur
684 1570 808 1644 Poetae
825 1583 861 1643 et
884 1571 929 1643 ad
949 1569 1153 1642 Historicas
1179 1569 1323 1640 sabulos

267 1712 342 1760 uno
360 1711 539 1761 consensu
564 1687 810 1784 refugiebant:
838 1688 889 1760 ita
906 1687 980 1760 suis
998 1685 1267 1760 narrationibus
1284 1697 1323 1756 et

267 1806 431 1900 personis
454 1805 589 1900 species
615 1807 744 1878 saltem
760 1803 1085 1879 verisimilitudinis
1111 1803 1323 1876 offundeba-

267 1927 341 2007 tur,
371 1923 415 1994 ad
445 1947 566 1994 rerum
593 1922 784 1994 veritatem
814 1930 851 1994 ct
886 1921 1044 1995 historiae
1074 1921 1184 1994 fidem
1218 1922 1323 2017 quasi

269 2039 364 2111 clara
390 2050 425 2112 et
452 2040 591 2111 solenni
612 2064 700 2112 voce
727 2041 915 2136 provocari
940 2041 1137 2124 videbatur,
1156 2049 1192 2112 et
1218 2039 1325 2111 intel-

270 2155 427 2248 ligebant
452 2156 623 2229 nimirum
641 2182 751 2253 quam
769 2157 872 2230 facile
897 2157 954 2229 his
979 2157 1118 2229 artibus
1137 2157 1211 2228 salli
1230 2181 1269 2229 se
1286 2167 1324 2229 et

269 2272 399 2344 abduci
416 2272 553 2369 patitur
570 2276 713 2347 animus
733 2275 926 2362 humanus,
940 2299 1049 2371 quam
1068 2283 1235 2371 prompte
1252 2297 1324 2346 usu

270 2398 306 2461 et
330 2389 550 2463 authoritate
574 2399 780 2465 commotus
802 2416 845 2464 ea
869 2391 998 2489 recipit
1014 2415 1056 2464 ac
1073 2392 1172 2464 fovet·
1189 2415 1270 2488 quae
1292 2391 1326 2463 si

269 2530 291 2578 a
308 2505 423 2578 Poeta
440 2510 485 2581 de
509 2533 603 2581 novo
621 2511 824 2606 excogitata
841 2517 961 2582 essent
986 2513 1024 2581 et
1046 2508 1220 2581 audacter
1241 2533 1325 2604 pro·

269 2624 342 2695 luta
356 2649 497 2720 magum
511 2626 629 2697 forent
646 2626 849 2699 offensioni.
881 2625 1116 2698 Desiderabat
1131 2625 1325 2698 Comoedia

272 2741 348 2814 haec
369 2742 447 2838 ipsa
464 2743 634 2830 subsidia,
654 2767 740 2817 cum
766 2747 803 2817 iu
821 2745 1020 2818 domestica
1036 2755 1072 2818 et
1090 2747 1232 2841 privata
1247 2746 1325 2816 vita

269 2868 475 2931 versaretur
501 2883 582 2955 quae
609 2862 729 2933 nullos
756 2860 906 2934 haberet
936 2861 992 2934 sui
1015 2864 1162 2934 annales
1186 2872 1222 2934 et
1247 2887 1322 2934 mo·

271 2982 456 3050 numenta.
511 2977 736 3051 Intellexisse
761 2979 854 3052 hanc
880 2979 1067 3076 penuriam
1091 3004 1194 3052 suam
1220 2980 1325 3052 etde

270 3095 331 3165 illa
349 3118 612 3190 nonnunquam
635 3098 793 3190 graviter
818 3109 1038 3192 conquestos
1064 3096 1174 3169 luisse
1196 3107 1324 3192 poetas

270 3210 442 3284 Comicus
476 3235 521 3284 ex
557 3211 760 3307 fragmento
794 3213 1015 3311 Antiphanis
1050 3213 1127 3310 jam
1162 3215 1324 3287 ostendi-

269 3335 453 3401 mus⁸:-

466 3455 568 3526 Χρὲμης
581 3457 620 3512 rir
633 3457 648 3526 ἢ
663 3457 761 3512 Φείδων
773 3459 812 3514 ris
825 3456 1004 3529 c’rrovpr'rdcrnr

468 3554 554 3620 Πηλεῖ
564 3554 591 3607 ul
605 3553 675 3607 ταῦτ’
691 3554 794 3624 decuria
807 3554 821 3624 ἢ
836 3554 938 3628 Τεύκρῳ
952 3556 1076 3610 ποιεῖν-

271 3675 343 3748 Sed
373 3683 410 3748 et
440 3701 514 3773 prae
544 3679 683 3752 caeter-is
712 3704 828 3775 prono
855 3679 977 3752 animo
1005 3703 1106 3752 suam
1133 3679 1323 3752 historiam

269 3793 465 3867 audiebant
483 3796 612 3869 Graeci.
660 3797 931 3893 Antiquitatum
950 3819 1098 3870 suarum
1116 3795 1323 3871 memoriam

270 3911 493 4010 usqueadeo
516 3913 688 3986 fovebant
708 3921 811 4011 (quas
837 3914 970 3988 scilicet
987 3915 1098 3987 etiarn
1117 3915 1154 3986 in
1171 3915 1325 4011 publicis

270 4035 307 4101 et
325 4029 481 4127 politicis
499 4029 652 4126 negotiis
671 4031 832 4104 studiose
848 4031 1020 4118 citabant)
1042 4039 1085 4104 ut
1101 4042 1218 4127 poetae
1238 4031 1325 4104 istas

270 4147 308 4217 in
332 4169 477 4220 scenam
503 4147 703 4244 proferenti
727 4149 842 4245 parati
867 4161 989 4221 essent
1012 4157 1048 4220 et
1070 4149 1202 4221 attenti
1226 4149 1321 4221 audi·

311 4339 320 4372 ¹
337 4343 434 4420 Arist.
450 4343 547 4414 Post,
561 4364 586 4404 c.
602 4365 631 4420 9.
832 4357 845 4392 ⁸
865 4345 935 4408 Vid.
949 4346 1173 4408 Prelectionem
1191 4345 1285 4424 13⁰³.
