3094 4898
317 315 380 378 130
648 319 863 370 rmrrcrro
891 319 1039 369 ocrem.

314 473 383 548 sub
400 475 480 570 ipso
504 469 629 544 statim
654 469 773 566 operis
796 470 853 542 sui
876 468 980 542 initio
1005 467 1202 558 Homerus,
1221 496 1308 547 mox
1333 474 1373 547 in

314 589 475 664 secundo
494 587 627 661 Iliados
644 586 736 659 libro
753 583 931 658 ainbobus
952 609 1061 658 suum
1079 588 1231 662 seorsim
1249 591 1372 664 locum
1404 666 1413 676 ,

314 717 352 782 et
369 705 531 779 officium
549 701 744 778 distribuit.
796 701 948 800 Ulysses
965 705 1227 779 tumultuantis
1243 707 1371 802 populi

295 815 501 897 'fremitum
518 821 731 918 compescit,
751 829 789 893 ct
806 820 876 894 hoc
893 820 1040 916 quidem
1057 819 1178 918 ipsum
1195 832 1370 920 tanquam

313 939 452 1038 peritus
473 937 616 1011 dicendi
640 935 794 1020 artifex3
822 935 921 1009 hunc
943 937 1042 1010 enim
1066 936 1173 1012 minis
1195 947 1235 1012 et
1257 941 1370 1014 incre·

314 1056 461 1153 petione
486 1054 704 1150 aggreditur,
723 1053 822 1126 hunc
844 1053 1041 1126 lenioribus
1057 1055 1179 1129 verbis
1203 1055 1369 1152 castigat,

314 1198 402 1246 mox
419 1171 564 1246 silentio
581 1169 720 1242 indicto
738 1194 815 1242 rem
842 1169 960 1265 ipsam
983 1179 1088 1244 caute
1112 1183 1149 1244 et
1172 1174 1372 1269 prudenter

316 1289 455 1385 aperit⁸
468 1319 531 1360 :—

425 1505 433 1528 ¹
467 1439 518 1496 ‘ns
532 1435 619 1511 ἔφατ’,
634 1433 749 1512 Ἀργεῖοι
763 1438 791 1492 δι’
804 1431 865 1508 μίγῗ
880 1435 965 1508 ἴαχον,
979 1437 1048 1510 ἆμφὶ
1062 1439 1091 1494 δι’
1104 1441 1162 1508 νῆες

473 1535 637 1608 Σμερδαλέον
650 1537 800 1604 κονάβησαν
812 1534 950 1590 ἀϋσάντων
962 1535 1006 1591 ὑπ’
1019 1535 1140 1608 'exauda

475 1631 568 1687 Μῦθον
581 1631 764 1701 ἐπαινήσαντες
775 1631 926 1701 Ὀδυσσῆος
939 1631 1029 1688 θείοιο.

314 1783 487 1882 Sequitur
503 1784 717 1880 grandoevus
735 1783 871 1857 Nestor
888 1784 950 1879 qui
966 1783 1178 1880 gliscentem
1189 1785 1268 1881 jam
1285 1810 1369 1858 suo-

314 1927 396 1976 rum
415 1899 583 2000 spiritum
608 1907 821 1998 promoveat
837 1911 873 1974 et
891 1902 1057 1975 stabilem
1080 1901 1218 1976 reddat.
1270 1901 1368 1974 Tan-

305 2015 398 2091 'dem
423 2017 710 2114 Agamemnonis
737 2017 957 2090 authoritate
981 2041 1040 2090 res
1069 2024 1149 2092 tota
1177 2019 1369 2092 confirma-

313 2130 401 2207 tur*
415 2165 477 2206 :—

312 2533 370 2605 En
387 2557 509 2606 rerum
525 2535 655 2608 seriem
673 2558 746 2631 qua
763 2534 855 2606 nihil
875 2533 994 2630 majus
1018 2557 1135 2631 neque
1150 2532 1271 2606 verius
1295 2531 1368 2606 De-

312 2651 524 2724 mosthenes
559 2651 636 2747 ipse
670 2659 736 2723 aut
771 2650 898 2724 Cicero
931 2651 1136 2746 excogitare
1168 2649 1368 2746 potuisset!

312 2767 380 2840 llla
410 2767 520 2841 etiam
551 2766 697 2865 Ulyssis
728 2761 775 2841 a‘d
805 2767 986 2840 Achillem
1019 2767 1135 2840 oratio
1169 2766 1278 2862 digna
1312 2775 1369 2838 est

313 2909 422 2982 quam
441 2885 679 2972 excutiamus,
694 2885 784 2958 adeo
802 2884 976 2958 nimirum
993 2883 1080 2958 scite
1097 2883 1311 2980 composita,
1325 2893 1369 2955 ut

314 3025 432 3098 neque
456 3001 651 3097 quicquam
677 3002 809 3074 addere
831 3012 896 3096 aut
919 3001 1062 3074 demere
1084 2999 1214 3097 possis,
1235 3007 1301 3072 aut
1323 3000 1368 3072 dc

315 3142 383 3190 suo
414 3119 496 3189 loco
526 3119 585 3188 vel
613 3117 781 3214 exiguam
815 3118 1030 3216 particulam
1063 3141 1217 3191 movere.
1270 3115 1367 3190 Cum

313 3231 410 3305 enim
428 3232 704 3306 deliberativum
721 3235 863 3308 dicendi
879 3259 994 3332 genus
1011 3235 1159 3308 exordio
1176 3257 1250 3306 non
1263 3235 1367 3306 valde

312 3349 461 3442 indiget,
490 3352 646 3444 paucula
676 3352 841 3447 quaedam
871 3351 1043 3449 praefatus
1069 3351 1115 3424 ad
1143 3349 1261 3448 ipsam
1289 3375 1366 3424 rem

313 3465 472 3539 festinat.
527 3466 760 3562 Argumenta
777 3468 856 3564 ipsa
878 3491 946 3540 suo
969 3491 1123 3565 quaeque
1148 3467 1273 3540 ordine
1296 3467 1367 3540 dis·

312 3591 522 3680 ponuntur;
550 3583 637 3658 hinc
654 3585 781 3681 ingens
799 3583 1025 3658 Achivorum
1050 3585 1264 3681 periculum,
1281 3609 1369 3658 mox

312 3701 484 3775 Hectoris
510 3702 617 3774 minae
643 3703 687 3776 ad
715 3701 967 3775 suscitandum
992 3701 1171 3774 Achillem
1194 3701 1367 3775 adhihen-

309 3825 382 3904 tur,
401 3819 643 3915 subjiciuntur
661 3827 823 3892 extrema
841 3820 955 3916 patris
972 3818 1069 3892 Pelei
1086 3820 1270 3905 mandata,
1283 3825 1366 3892 tan·

311 3935 394 4006 dem
413 3933 697 4030 Agamemnonis
715 3935 811 4008 dona
828 3962 908 4032 quae
931 3936 976 4009 ad
1000 3935 1217 4032 placandum
1239 3933 1365 4008 Achil·

309 4052 382 4121 lem
400 4052 496 4123 ultro
514 4053 620 4125 offert
637 4055 743 4149 plene
760 4063 1014 4138 recensentem
1042 4079 1089 4126 ne
1107 4077 1192 4126 vero
1209 4059 1284 4126 tam
1309 4052 1363 4126 in·

308 4169 427 4239 visum
452 4192 582 4239 nomen
607 4169 763 4244 orationi
788 4171 919 4244 officiat
943 4173 1037 4244 redit
1063 4171 1109 4244 ad
1135 4195 1285 4244 suorum
1312 4173 1362 4243 la·

470 4333 545 4391 ΙΙΙ.
564 4347 592 4392 u.
611 4351 677 4407 333.
990 4335 1068 4394 hIl.
1086 4349 1114 4394 Β.
1133 4355 1198 4412 394.
