3058 4908
440 329 657 379 enarrarre
676 330 956 394 onerata-sarra,
1170 326 1235 392 2⁷3

185 519 193 530 ,
233 481 266 551 5.
293 477 409 554 Hisce
426 482 478 554 ita
495 481 679 578 dispositis
703 484 748 555 ad
767 483 939 580 Ulyssem
966 486 1088 581 ipsum
1105 489 1236 563 transit

174 593 253 692 jam
279 596 420 671 emissis
447 598 554 672 sociis
580 599 618 670 in
644 599 764 673 insula
785 601 962 698 Calypsus
989 605 1092 700 quasi
1120 607 1234 701 capti-

177 735 264 786 vum
279 746 342 786 1-

402 835 511 903 ’lc'prvor
524 838 566 892 rol
581 838 677 892 καπνὸν
690 835 893 909 ἀποθρώσκοντα
907 839 998 908 νοῆσαι

399 927 451 988 ‘Hs
465 933 570 1005 yor'qs'.
708 923 714 938 ’

179 1042 342 1118 Deorum
359 1049 552 1122 concilium
571 1050 624 1137 fit,
638 1055 675 1122 et
692 1049 1001 1124 Minervadilecti
1019 1052 1075 1123 sui
1089 1051 1232 1149 Ulyssis

178 1185 326 1235 causam
344 1172 479 1238 tuetur.
517 1166 645 1261 Itaque
662 1165 687 1238 J
689 1167 767 1239 ovis
784 1166 928 1239 monitu
943 1165 1102 1272 Calypso
1120 1167 1230 1263 capti-

178 1300 266 1351 vum
300 1304 409 1354 suurn
444 1282 620 1369 dimittit;
656 1282 743 1379 quin
770 1307 841 1379 ope
875 1289 913 1355 et
948 1283 1118 1379 auspiciis
1153 1286 1231 1380 ejus

175 1391 326 1490 Ulysses
356 1405 483 1471 ratem*
507 1400 696 1492 construit,
727 1411 838 1496 atque
871 1401 1004 1472 iterum
1031 1401 1158 1497 pelago
1193 1425 1231 1473 se

176 1511 289 1584 credit
302 1544 312 1599 3
351 1515 471 1602 adhuc
498 1526 621 1589 tamen
648 1541 669 1589 a
696 1516 874 1613 Neptuno
901 1517 1113 1590 observatus
1142 1540 1230 1589 nau-

174 1629 330 1725 fragium
348 1633 497 1727 patitur‚
513 1640 550 1707 et
568 1658 710 1706 summo
729 1633 812 1707 vitae
829 1633 991 1730 periculo
1009 1635 1048 1706 in
1064 1634 1229 1729 ignotum

174 1746 280 1820 littus
296 1749 497 1846 conjicitur.
588 1835 592 1842 ,

228 1864 262 1952 6,
277 1863 310 1952 7,
324 1869 359 1940 8.
391 1866 524 1940 Sextus
541 1867 648 1940 Liber
665 1867 828 1965 receptui
847 1869 925 1965 ejus
943 1868 1041 1964 apud
1058 1866 1228 1940 Phaeacas

174 1979 336 2056 inservit.
368 1985 469 2058 Inter
484 1985 646 2058 Heroicae
659 1984 742 2088 ritae
757 1987 1038 2059 consuetudines
1053 1990 1230 2083 (utsupra

175 2100 394 2191 notavimus)
409 2103 566 2202 primum
585 2105 657 2179 fere
674 2107 796 2178 locum
815 2105 882 2178 sibi
895 2105 1126 2179 vindicabant
1143 2106 1228 2178 hos-

174 2216 254 2312 pitii
280 2219 375 2314 jura,
403 2246 484 2317 quae
513 2244 598 2294 cum
627 2221 781 2317 sparsim
811 2248 877 2319 per
906 2229 1022 2294 totam
1049 2220 1162 2294 Iliada
1192 2227 1229 2294 et

174 2333 373 2431 Odysscam
390 2337 620 2432 attinguntur
637 2337 833 2435 septimum
851 2351 887 2413 et
905 2352 1075 2412 octavum
1088 2341 1227 2412 ¹librum

173 2475 321 2548 prorsus
347 2454 415 2526 sibi
439 2455 649 2544 vindicant3
676 2456 959 2552 interponuntur
984 2455 1150 2529 convivia
1176 2467 1227 2528 at-

174 2593 244 2664 que
265 2571 381 2665 epulae
407 2596 491 2644 curn
518 2573 593 2645 suis
620 2573 749 2646 ritibus
776 2580 813 2645 et
839 2573 934 2646 ludis
960 2577 1070 2669 prout
1096 2551 1228 2668 hdspes

174 2690 271 2783 apud
300 2689 469 2765 Phaeacas
500 2691 654 2788 Ulysses
685 2693 753 2764 hac
783 2691 1001 2764 solennitate
1031 2691 1227 2764 honorifice

172 2806 373 2903 excipitur;
393 2808 532 2882 accedit
548 2808 653 2881 Vatis
668 2810 777 2881 etiam
794 2808 985 2904 praesentia
1002 2808 1064 2903 qui
1083 2808 1172 2879 dum
1189 2808 1226 2880 in

172 2923 414 2998 recentiorum
448 2931 656 3020 temporum
694 2926 941 2998 memoria'et
975 2925 1081 2996 rebus
1116 2925 1226 3020 gestis

170 3045 337 3112 versatur
352 3065 374 3113 a
390 3041 546 3137 Trojano
564 3043 659 3115 bello
683 3043 863 3114 abstinere
879 3042 941 3114 vix
960 3041 1092 3138 potuit,
1112 3041 1225 3115 immo

171 3155 244 3230 hoc
262 3157 335 3230 sere
358 3159 477 3230 solum
503 3166 759 3255 argumentum
786 3159 909 3232 habet.
963 3157 1053 3231 Erat
1079 3158 1225 3232 interim

170 3265 300 3345 harum
330 3298 452 3347 rerum
483 3274 635 3371 Ulysses
666 3299 740 3347 non
774 3275 947 3347 immotus
979 3282 1044 3348 aut
1073 3274 1224 3370 frigidus

170 3391 405 3479 auscultator,
433 3393 496 3464 sed
514 3391 666 3464 infracto
684 3390 806 3464 animo
831 3416 905 3465 non
925 3391 1035 3463 semel
1057 3391 1094 3462 in
1113 3391 1224 3486 gemi-

169 3516 230 3580 tus
247 3513 284 3580 et
307 3507 513 3606 lachrymas
535 3508 704 3606 erumpit.
760 3507 996 3604 inpromptu
1020 3513 1075 3578 est
1101 3506 1224 3602 itaque

169 3624 244 3719 regi
265 3625 421 3700 Alcinoo
447 3627 716 3722 lachrymarum
743 3649 889 3697 causam
914 3647 1097 3722 quaerere3
1129 3623 1224 3696 unde

168 3740 279 3813 etiem
298 3741 343 3814 de
361 3741 507 3814 nomine
524 3741 659 3814 familia
675 3751 712 3814 et
730 3741 886 3817 sortunis
904 3739 1059 3836 hospitis
1077 3739 1134 3810 sui
1151 3739 1221 3810 sin-

166 3856 319 3952 gulatim
339 3882 490 3954 quaeque
508 3857 640 3954 exponi
658 3859 750 3930 vult.

219 3977 253 4049 9.
278 3974 433 4048 Ineunte
450 3999 548 4047 nono
565 3975 657 4047 libro
675 3975 822 4046 tandem
840 3971 991 4068 Ulysses
1009 3995 1048 4044 se
1066 3969 1223 4043 declarat

167 4113 210 4163 ca
244 4115 407 4186 personae
443 4092 620 4187 dignitate
656 4073 767 4186 quam
802 4089 985 4161 Homerus
1020 4086 1093 4157 sere
1126 4110 1223 4159 unus

167 4207 288 4280 animo
306 4209 494 4305 concipere
519 4206 641 4304 potuit
665 4209 729 4278 aut
746 4205 864 4278 verbis
888 4203 1098 4301 exprimere.
1151 4203 1221 4276 Lo-

567 4355 579 4378 ⁸
604 4345 704 4422 Odyaa.
721 4359 752 4404 a.
770 4347 815 4421 58.

683 4467 705 4513 T
