3058 4902
386 1055 735 1150 PRAELEOTIO
778 975 1204 1148 uuoltin-Nona.

666 1327 945 1339 ι*

271 1518 599 1664 UNIVERSAM
616 1517 897 1615 descriptionem
912 1516 1019 1592 istius
1033 1517 1188 1592 Poeseos
1206 1517 1322 1614 partis

357 1673 438 1745 quae
454 1631 576 1724 ’Hdos
600 1648 802 1744 appellatur
827 1672 871 1720 eo
892 1671 1008 1744 usque
1033 1647 1263 1743 pertulimus,
1282 1651 1328 1720 ut

271 1765 371 1837 illam
388 1789 433 1838 ex
459 1764 690 1862 opinionibus
711 1772 749 1837 et
771 1763 960 1836 affectibus
981 1765 1152 1836 humanm
1177 1764 1325 1850 mentis,

273 1880 496 1954 multimodis
513 1880 607 1954 inter
624 1903 662 1952 se
679 1879 895 1953 consociatis
912 1879 1003 1953 etin
1016 1904 1097 1953 eum
1114 1903 1328 1977 compagem

272 1997 489 2070 coeuntibus
506 2021 586 2092 qua
604 1997 706 2069 omni
731 2003 865 2068 nostrae
881 1996 966 2070 vitae
983 2008 1021 2070 et
1046 1996 1198 2092 singolis
1215 1996 1328 2071 actio

272 2111 381 2186 nibus
402 2110 538 2208 praesit,
557 2112 713 2207 pendere
739 2112 827 2184 satis
850 2117 1044 2185 constaret.
1095 2110 1189 2185 Sunt
1205 2113 1330 2210 itaque

274 2225 461 2324 opiniones
483 2236 521 2300 et
546 2229 698 2301 affectus
722 2249 887 2324 personae
910 2235 948 2300 et
970 2252 1115 2301 morum
1135 2229 1327 2316 elementa,

275 2367 356 2440 quae
381 2342 493 2441 siquis
517 2343 663 2440 penitus
688 2344 786 2417 norit
811 2349 849 2416 et
874 2368 1003 2416 eorum
1028 2343 1124 2416 inter
1149 2367 1187 2416 se
1213 2368 1330 2418 nexus

275 2460 432 2532 eundem
449 2471 598 2533 moratae
615 2460 698 2532 vitae
724 2459 913 2532 scientiam
936 2460 1100 2554 attigisse
1111 2460 1330 2555 judicemus.

277 2576 407 2648 Libero
424 2576 546 2673 itaque
562 2585 599 2648 et
617 2577 737 2649 soluto
756 2575 834 2670 jam
851 2599 960 2648 cursu
977 2575 1015 2646 in
1034 2573 1268 2649 Homericam
1283 2601 1331 2648 ex

278 2693 347 2766 hac
358 2703 460 2789 parte
476 2693 706 2789 prudentiam
723 2699 761 2765 ct
778 2691 962 2765 solertiam
980 2692 1194 2766 delabimur.

327 2809 409 2882 Nec
438 2833 523 2882 vero
553 2809 598 2882 de
632 2807 848 2904 opinionum
882 2807 1169 2882 conformatione
1203 2820 1241 2882 et
1275 2833 1331 2881 ra·

279 2923 422 2997 tionalis
457 2925 588 2998 mentis
628 2923 862 2997 facultatibus
895 2925 1012 2996 multu
1045 2935 1133 2999 sunt
1166 2925 1329 2997 dicenda

277 3039 346 3112 Illa
374 3065 455 3135 quae
488 3039 526 3111 in
556 3038 715 3113 scientiis
750 3039 974 3136 conspicitur
1004 3041 1103 3114 nuda
1136 3048 1175 3113 et
1207 3063 1333 3114 severa

277 3155 371 3227 ratio
395 3155 492 3227 intra
508 3155 633 3250 poesin
649 3155 712 3228 vix
729 3156 839 3228 cadit.
893 3155 961 3228 Illa
976 3181 1058 3253 quae
1076 3157 1114 3228 in
1130 3157 1214 3228 vitae
1239 3181 1332 3253 prae-

277 3269 392 3366 ceptis
432 3270 601 3343 eruendis
638 3278 676 3343 ct
713 3270 936 3368 exponendis
974 3281 1140 3345 versatur
1180 3274 1332 3346 alteram

277 3424 430 3496 poeseos
463 3409 603 3494 partem
632 3399 792 3486 conficit,
824 3425 906 3497 quae
936 3387 1080 3472 διάνοια
1113 3409 1266 3474 vocatur
1293 3408 1333 3474 et

278 3539 386 3588 suum
412 3514 478 3587 sibi
504 3517 625 3587 locum
646 3515 817 3588 vindicat.
870 3515 938 3590 Illa
954 3541 1034 3612 quae
1061 3516 1172 3589 animi
1197 3517 1333 3590 affecti·

277 3630 347 3703 bus
372 3655 411 3703 se
434 3629 624 3718 immiscet,
643 3640 681 3703 et
708 3655 834 3703 eorum
859 3641 984 3703 motus
1000 3637 1178 3727 temperat
1201 3640 1238 3704 et
1263 3655 1333 3727 gu-

277 3747 416 3832 bernat,
434 3769 507 3818 una
532 3770 618 3818 cum
642 3745 730 3842 ipsis
755 3745 947 3819 affectibus
970 3745 1065 3819 tradi
1090 3754 1128 3820 et
1153 3747 1336 3845 explorari

277 3869 409 3959 potest.
463 3860 623 3936 Sufficiat
648 3861 687 3935 in
704 3871 912 3934 transcursu
939 3862 1008 3936 hoc
1033 3864 1164 3936 saltem
1188 3874 1337 3937 notasse

277 3979 437 4053 nativam
459 3979 538 4074 ejus
554 3979 631 4051 vim
657 3985 694 4051 et
720 3979 982 4052 authoritatem
998 3978 1206 4053 Homerum
1231 4005 1336 4076 pror·

278 4120 340 4168 sus
357 4093 591 4168 intellexisse.
643 4093 938 4192 Haudquaquam
955 4083 1060 4168 illum
1077 4097 1205 4191 effugit
1222 4119 1335 4191 quam

277 4211 428 4308 proclivi
446 4219 484 4284 et
506 4211 641 4284 furtivo
666 4212 781 4307 gradu
805 4212 948 4286 animus
974 4213 1157 4286 humanus
1183 4211 1255 4284 huc
1271 4212 1335 4284 de·

278 4323 425 4409 labitur,
443 4330 482 4395 et
501 4324 547 4397 ad
564 4323 757 4398 rationales
778 4349 862 4399 suas
879 4325 1070 4399 facultates
1087 4325 1184 4398 ultro
1200 4348 1333 4421 provo
