3058 4908
480 329 693 380 rnmracrro
717 330 1013 392 oroma-porrum,
1208 317 1271 384 257

222 479 348 553 habito
374 487 488 570 noctu
513 481 676 555 hostium
700 487 819 555 castra
844 485 1030 578 explorare
1056 480 1272 566 decernitur,

133 661 137 668 .
222 621 269 669 ne
298 597 438 672 deesset
466 600 605 673 scilicet
632 601 706 672 ulla
733 601 819 672 belli
850 600 987 697 species
1017 625 1097 696 quae
1128 598 1273 672 inistis

221 716 447 811 temporibus
468 714 635 814 usurpari
661 716 812 802 solebat,
835 730 898 790 aut
924 717 998 790 ulla
1021 717 1274 813 opportunitas

222 833 261 906 in
278 857 351 930 qua
367 831 479 906 animi
503 835 715 928 magnitudo
734 841 770 906 et
795 834 959 907 militaris
978 835 1094 907 virtus
1113 831 1274 928 dignosci

223 968 357 1055 posset.
397 957 443 1031 In
461 960 560 1032 hunc
576 959 686 1032 finem
705 958 856 1056 Ulysses
874 967 911 1032 et
927 959 1122 1032 Diomedes
1140 956 1275 1052 egressi

223 1075 405 1149 Dolonem
430 1077 590 1150 hostium
617 1079 882 1174 exploratorem
908 1076 1087 1162 occidunt,
1111 1074 1275 1147 Rhesum

223 1199 260 1263 et
277 1190 395 1263 socios
412 1190 490 1286 ejus
508 1191 738 1264 obtruncant.

273 1305 315 1378 L.
340 1309 396 1379 ll.
423 1306 579 1402 Jamque
596 1307 729 1381 iterum
746 1308 791 1380 ad
809 1331 906 1380 arma
923 1307 1150 1381 concurritur
1166 1312 1274 1404 atque

223 1424 430 1521 ecquidem
455 1449 512 1498 res
533 1423 638 1513 redit,
657 1432 700 1498 ut
721 1424 1009 1520 ex.Imperatore
1032 1424 1110 1521 ipso
1132 1449 1275 1499 summa

223 1542 337 1638 praelii
354 1553 451 1616 recte
472 1542 627 1639 pendere
644 1540 721 1614 visa
739 1542 807 1615 sit:
836 1566 903 1615 nec
921 1543 998 1615 sine
1015 1567 1189 1639 prospera
1205 1543 1273 1615 for-

225 1669 315 1734 tuna
340 1685 362 1733 a
389 1658 526 1734 Graecis
554 1659 617 1732 diu
644 1660 849 1733 decertatur
877 1661 994 1734 donec
1020 1659 1276 1755 Agamemnon

225 1777 313 1874 ipse,
333 1776 466 1874 quique
492 1778 595 1850 illum
621 1776 808 1874 excipiunt
830 1776 1037 1865 Diomedes,
1058 1777 1219 1874 Ulysses,
1239 1787 1276 1850 et

225 1894 411 1968 Machaon
436 1881 686 1968 vulnerantur.
741 1895 984 1991 Trojauorum
1015 1895 1097 1972 inde
1127 1895 1277 1968 audacia

226 2013 366 2100 crescit,
386 2020 495 2109 atque
513 2013 606 2108 Ajax
624 2014 702 2109 ipse
719 2010 780 2084 vix
801 2014 873 2109 jam
893 2013 1049 2109 amplius
1067 2037 1191 2086 eorum
1209 2011 1275 2084 im-

225 2138 352 2228 petum
378 2131 554 2204 sustinere
574 2132 682 2203 valet.
735 2129 881 2205 Interea
906 2131 1064 2205 Achilles
1090 2155 1276 2227 nunquam

225 2272 300 2320 non
317 2272 450 2344 pugnae
467 2246 629 2321 intentus
643 2246 851 2321 Patroclum
868 2248 912 2321 ad
928 2248 1140 2322 Graecorum
1157 2255 1276 2322 castra

226 2363 339 2438 mittit
360 2372 403 2438 ut
427 2366 471 2438 de
489 2364 645 2439 Nestore
666 2371 702 2438 et
720 2365 924 2438 Machaone
948 2391 1039 2462 quos
1060 2367 1105 2439 ab
1126 2366 1202 2439 acie
1222 2390 1276 2439 re·

227 2482 379 2555 deuntes
408 2481 548 2554 viderat
578 2505 616 2553 se
650 2479 840 2554 certiorem
874 2481 1018 2568 faceret,
1049 2505 1122 2554 non
1156 2483 1276 2553 levem

227 2623 352 2673 secum
380 2600 424 2672 de
450 2599 725 2695 Agamemnone
753 2599 859 2672 etde
891 2597 1099 2672 Graecorum
1125 2597 1277 2671 miseriis

226 2716 451 2813 triumphum
470 2741 590 2812 egens,
642 2715 834 2789 Suboritur
850 2715 978 2788 exinde
997 2715 1221 2813 colloquium
1239 2716 1278 2787 in

227 2859 300 2931 quo
326 2827 477 2907 suorum
502 2833 701 2908 infortunia
718 2834 883 2930 deplorat
902 2832 1046 2921 Nestor,
1065 2843 1102 2905 et
1120 2831 1276 2906 Patrocli

226 2952 386 3025 animum
404 2951 650 3026 misericordia
667 2976 815 3049 prorsus
833 2949 975 3046 frangit.

269 3069 312 3143 L.
330 3072 386 3142 12.
405 3069 485 3143 Nec
499 3095 585 3142 vero
590 3070 666 3166 jam
680 3096 810 3166 pugnae
822 3068 903 3141 finis
917 3100 924 3141 :
947 3069 1060 3166 pulsis
1073 3069 1119 3142 ad
1132 3093 1278 3142 murum

229 3201 362 3276 Graecis
379 3201 571 3274 instruitur
589 3201 683 3274 muri
699 3201 934 3299 oppugnatio,
954 3188 1196 3296 τειχομάχιαν
1212 3226 1277 3273 vo-

228 3328 325 3408 cant,
345 3320 442 3418 quod
465 3319 610 3417 quidem
629 3344 765 3394 novum
788 3319 949 3393 bellandi
971 3343 1085 3416 genus
1101 3319 1278 3414 Trojanos

227 3439 290 3512 diu
320 3446 475 3525 exercet,
506 3436 781 3512 defendentibus
809 3462 956 3511 murum
986 3445 1141 3533 utroque
1166 3437 1279 3531 Ajace

226 3563 265 3628 et
293 3555 458 3630 Teucro:
495 3557 641 3630 tandem
673 3561 795 3652 portes
825 3561 1067 3652 perrumpunt
1096 3563 1133 3627 et
1162 3553 1278 3626 effuso

228 3673 372 3770 agmine
388 3697 498 3746 naves
516 3674 612 3768 ipsas
629 3673 856 3746 adoriuntur.

279 3788 319 3862 L.
340 3793 395 3862 13.
424 3790 613 3862 Hactenus
648 3789 761 3885 igitur
790 3789 889 3886 vigili
924 3813 1011 3862 cura
1038 3787 1278 3886 Trojanorum

228 3933 273 3982 ex
297 3907 461 4005 partibus
479 3916 628 3981 steterat
645 3907 813 4003 Jupiter;
839 3909 902 3984 illo
920 3915 1041 3982 autem
1059 3907 1180 3980 minus
1198 3905 1278 3978 dili-

227 4030 355 4120 genter
371 4049 448 4098 rem
466 4031 615 4098 curante
637 4023 675 4096 in
695 4022 902 4099 Graecorum
920 4026 1095 4098 auxilium
1114 4049 1152 4098 se
1174 4023 1280 4097 offert

227 4141 437 4240 Neptunus.
491 4140 572 4216 Nec
596 4167 681 4215 vero
702 4142 822 4216 adhuc
844 4145 979 4216 desunt
1003 4141 1185 4240 principes
1211 4141 1279 4213 viri

229 4259 292 4356 qui
318 4261 437 4358 lapsas
463 4284 613 4335 suorum
637 4285 694 4333 res
718 4259 943 4350 sustineant3
974 4261 1094 4335 adhuc
1120 4262 1278 4356 pertina-

216 4369 319 4450 ‘citer
351 4384 534 4452 certamen
564 4385 719 4452 tuentur
749 4377 899 4474 Ajaees3
935 4378 1053 4453 adhuc
1086 4378 1278 4450 Menelaus

749 4518 766 4566 s
