3094 4898
284 300 348 398 ,¹⁷⁸
623 307 837 356 rnAErncmo
858 307 1007 356 necrus.

280 497 401 567 τερον,
420 479 457 546 et
480 472 591 546 etiam
617 472 730 568 magis
752 471 956 559 Indefinite,
976 460 1236 564 ὁποτερονοῦν,
1255 495 1338 568 quae

282 589 405 661 omnia
426 613 501 661 rem
526 595 690 684 spectant
714 589 774 662 cui
799 613 845 660 ex
868 587 1060 661 contrariis
1081 611 1197 659 unum
1214 611 1337 661 neces·

281 703 376 776 sario
393 704 613 799 adjungitur.

332 819 413 892 Nec
445 821 580 894 desunt
607 820 813 897 Quantitati
848 820 956 892 etiam
991 825 1029 892 et
1058 818 1235 894 Qualitati
1269 845 1338 892 sua

280 936 469 1010 vocabula.
535 937 740 1014 Quantitati
775 936 964 1033 proprium
999 943 1056 1009 est
1093 937 1245 1032 aequalia
1278 939 1339 1009 vel

280 1052 472 1148 inaequalia
496 1053 721 1126 denominari
751 1077 818 1126 sua
846 1052 1028 1148 Subjectn,
1053 1052 1112 1125 cui
1140 1053 1192 1124 rei
1219 1052 1337 1148 expri-

282 1171 422 1243 mendae
449 1170 559 1242 habes
585 1171 647 1244 illa
680 1193 761 1267 quae
788 1168 1062 1266 compositionis
1090 1191 1165 1241 suae
1193 1175 1338 1265 partem

281 1305 414 1394 gerunt
442 1323 550 1372 voces
579 1284 676 1386 ἶσος,
706 1287 834 1390 μέγας,
861 1285 1004 1406 pispir,
1033 1289 1174 1389 ὀλίγος,
1200 1283 1336 1386 πολὺς,

283 1430 434 1502 numero
461 1437 558 1500 certe
583 1452 658 1502 non
682 1452 809 1523 pauca,
828 1428 927 1500 unde
952 1427 1064 1500 etiam
1089 1450 1199 1500 suum
1222 1421 1336 1497 ἰσοσ-

283 1545 394 1647 κελὴς
420 1560 576 1633 habuere
595 1555 858 1630 Mathematici.
913 1555 1111 1640 Qualitatis
1136 1555 1175 1628 vi
1200 1556 1337 1630 similes

282 1673 339 1745 vel
351 1674 542 1747 dissimiles
556 1699 612 1747 res
623 1685 726 1761 sunt;
745 1673 843 1746 unde
857 1672 1046 1769 profluunt
1059 1671 1262 1768 composita
1274 1671 1339 1745 illa

281 1825 327 1874 ex
345 1791 482 1892 ὅμοιος,
503 1793 635 1890 ἄλλος,
650 1795 785 1894 ἕτερος,
801 1825 881 1897 quae
898 1825 945 1874 ne
962 1803 1125 1875 sufficere
1142 1812 1336 1897 nequeant.

281 1932 507 2005 Adverbium
533 1933 641 2005 etiam
669 1921 762 2022 ὁμοῦ
786 1935 825 2006 in
848 1935 994 2007 easdem
1020 1933 1093 2007 fere
1117 1940 1239 2029 partes
1262 1939 1336 2005 tra

281 2061 427 2149 hebant,
445 2063 544 2134 unde
569 2048 735 2152 ὁμόνοια,
755 2054 951 2155 ὁμολογία,
976 2064 1088 2133 κ.τ.λ.
1140 2065 1223 2138 Jam
1249 2090 1338 2139 cum

280 2177 400 2273 specie
423 2179 518 2251 inter
541 2201 580 2254 se
606 2178 779 2252 differunt
802 2176 1020 2266 Qualitates,
1044 2179 1082 2251 in
1106 2181 1205 2254 hunc
1224 2181 1336 2253 finem

279 2307 536 2390 comparantur
552 2304 610 2367 tot
628 2295 896 2370 denominativa
918 2297 994 2370 suis
1020 2298 1335 2372 terminationibus

279 2410 375 2483 inter
392 2436 431 2483 se
450 2411 616 2497 discreta,
635 2411 830 2507 dequibus
848 2435 970 2508 supra.
1026 2412 1165 2490 lterum
1185 2413 1279 2486 inter
1296 2437 1336 2486 se

278 2539 497 2613 dissentiunt
514 2551 688 2637 tanquam
706 2543 810 2614 bonae
827 2551 891 2614 aut
909 2543 1024 2628 malae,
1039 2530 1197 2638 ὑπάρχει
1215 2529 1255 2611 δὲ
1273 2536 1336 2612 καὶ

277 2661 488 2759 &vantome
513 2658 608 2739 κατὰ
632 2657 676 2739 τὸ
701 2649 845 2757 ποῖον’,
875 2671 972 2743 unde
1004 2672 1043 2743 in
1070 2669 1335 2768 compositione

276 2798 385 2872 toties
414 2805 642 2896 usurpantur
668 2790 708 2868 εὐ
738 2807 775 2871 et
805 2795 881 2882 δνς,
909 2801 1043 2873 iterum
1072 2823 1200 2873 earum
1230 2821 1334 2872 max-

275 2916 348 2987 ima
365 2939 448 3010 pars
466 2915 605 2989 intendi
623 2921 687 2987 aut
707 2914 841 2987 remitti
866 2923 999 3011 potest,
1017 2917 1117 2988 unde
1134 2915 1332 3011 Compara·

274 3032 433 3103 tivorum
466 3041 503 3106 et
533 3031 847 3129 superlativorum
876 3055 967 3105 usus
997 3033 1166 3106 omnibus
1196 3033 1333 3129 linguis

274 3146 499 3234 communis;
528 3149 592 3220 sed
610 3148 721 3221 etiam
737 3147 799 3220 hic
817 3147 936 3222 Graeci
953 3154 1188 3246 exsuperant,
1207 3150 1283 3244 qui,
1302 3149 1335 3222 si

275 3261 429 3335 deluerit
454 3264 654 3359 positivum
673 3262 871 3347 Qualitatis
896 3289 1043 3378 nomeu,
1063 3289 1111 3337 ex
1137 3266 1247 3338 verbo
1273 3269 1335 3338 vel

274 3377 344 3450 alia
362 3377 549 3452 Orationis
574 3389 676 3476 parte
702 3382 754 3452 ita
779 3404 859 3452 eam
885 3381 1046 3468 eliciunt,
1065 3391 1107 3454 ut
1132 3381 1334 3476 comparari

273 3509 399 3604 possit.
452 3509 551 3582 Hinc
568 3535 590 3582 a
608 3509 856 3582 Substantivis
882 3499 1023 3604 κέρδος,
1044 3496 1230 3596 βασιλεὺς
1247 3535 1333 3607 pro·

273 3640 426 3713 veniunt
444 3628 652 3733 κέρδιστος,
671 3628 957 3734 βασιλεύτερος.

514 3787 583 3842 -ὃ
598 3787 734 3860 κέρδιστος
746 3789 828 3862 γένετ’
841 3789 968 3862 ἀνδρῶν’.

432 3901 571 3972 ’Υρετέρον
585 3901 607 3956 δ’
622 3902 668 3956 οὐκ
682 3903 742 3958 ἐστὶ
753 3903 828 3974 γένος
841 3901 1034 3974 βασιλεύτερον
1046 3902 1115 3958 ἄλλο
1123 3901 1140 3957 ².

275 4013 323 4086 Et
341 4038 363 4087 a
378 4014 503 4088 Verbo
521 4004 636 4113 φέρω,
656 4005 837 4113 φέρτερος

513 4155 669 4212 -”οσσον
683 4157 811 4230 φέρτερος
825 4159 878 4228 εἰμὶ
893 4157 1002 4214 σὲθτν“.

315 4311 568 4392 Ἀτιζςίοί.(ὀ1ορ.
610 4315 798 4390 'Il.z.183.
842 4316 1013 4396 ‘Odprao
1028 4335 1093 4394 532.
1133 4318 1329 4380 ¹H.A.186.
