3094 4898
582 353 792 403 raanacrro
816 355 966 405 ancras.
1241 351 1301 413 165

242 510 393 578 mmet
422 507 709 602 compositorum
738 507 842 602 copia
872 507 967 581 hano
995 533 1073 581 rem
1101 510 1191 582 satis
1218 534 1302 583 oon·

243 631 340 698 stare
363 626 530 712 arbitror,
550 651 630 724 quae
648 627 758 699 etiam
776 626 850 699 sere
867 626 990 699 omnia
1013 627 1058 700 ab
1076 625 1120 699 iis
1138 627 1303 701 fontibus

242 750 470 838 promanant,
495 743 555 840 qui
585 744 623 815 in
650 742 802 840 simplici
829 743 906 816 vita
931 744 1037 840 primi
1063 753 1149 817 sunt
1175 749 1213 817 et
1238 768 1301 818 no-

243 859 384 933 tissimi.
421 859 571 933 Fuerint
585 860 696 956 igitur
709 860 861 956 Linguae
879 861 1077 957 primordia
1090 861 1135 934 ab
1150 860 1302 935 Oriente

242 976 279 1048 in
311 975 492 1050 Graeciam
521 986 739 1050 transvecta.
795 975 975 1050 Caeterum
1001 977 1134 1072 linguae
1165 975 1300 1051 Graecae

242 1091 349 1166 facies
374 1117 483 1190 quam
510 1119 577 1168 nos
605 1095 780 1168 habemus
807 1094 1097 1188 antiquissimam
1122 1119 1202 1191 quae
1222 1094 1300 1168 Ho-

242 1211 333 1282 meri
360 1221 523 1306 temporc
550 1218 724 1308 usurpata
749 1215 818 1295 est,
841 1220 878 1283 et
904 1209 1088 1284 vocabulis
1115 1217 1153 1282 et
1178 1211 1301 1284 indole

242 1351 321 1414 sua,
341 1337 382 1400 ut
400 1327 498 1424 apud
526 1351 653 1401 omnes
675 1327 713 1399 in
731 1327 896 1401 confesso
915 1333 983 1414 est,
1002 1352 1086 1400 cum
1105 1326 1301 1401 Orientali·

242 1444 311 1516 bus
337 1444 472 1540 linguis
491 1445 551 1518 vix
579 1445 772 1541 quicquam
800 1444 909 1517 habet
935 1468 1153 1531 eommune;
1181 1469 1300 1541 neque

242 1561 318 1634 ulla
341 1561 412 1634 alia
433 1563 557 1657 lingua
583 1560 658 1634 suis
683 1559 813 1656 opibus
839 1560 953 1655 magis
980 1543 1105 1656 pollet,
1125 1569 1190 1634 aut
1215 1585 1297 1658 per-

243 1677 375 1772 egrinis
402 1677 553 1752 vocibus
580 1679 702 1750 minus
730 1677 953 1774 inquinatur,
982 1677 1073 1750 adeo
1099 1689 1140 1750 ut
1172 1677 1299 1754 codem

241 1819 432 1890 progressu
451 1821 493 1867 ea
512 1820 592 1892 quae
609 1803 822 1891 acceperant
847 1796 1053 1868 renovanda
1067 1807 1169 1868 erant
1188 1802 1299 1893 atque

242 1913 409 2006 augenda
426 1913 515 1984 acsi
533 1913 604 2009 ipsi
623 1937 665 1985 ea
683 1912 983 2008 excogitaverint.

291 2027 375 2101 Jam
404 2053 490 2101 vero
520 2029 666 2102 easdem
693 2052 752 2102 res
782 2052 864 2126 quaa
896 2030 933 2101 in
961 2029 1124 2103 moribus
1153 2035 1297 2103 tantam

240 2144 316 2218 vim
341 2145 559 2233 habuerunt,
588 2147 633 2219 ad
665 2170 869 2219 sermonem
896 2146 1006 2219 etiam
1032 2148 1296 2244 populiffperti-

156 2283 161 2294 ·
240 2263 336 2359 gissa
353 2262 526 2337 credibile
543 2271 609 2336 est.
663 2263 763 2336 Idem
782 2263 842 2336 ille
864 2263 993 2336 ardens
1019 2262 1167 2360 spiritus
1185 2265 1297 2338 etiam

240 2383 431 2455 verborum
459 2380 602 2478 copiam
628 2381 748 2478 parit3
779 2381 875 2454 inter
900 2380 1060 2478 pericula
1086 2391 1123 2454 et
1148 2387 1295 2455 conten·

239 2498 358 2571 tiones
371 2497 456 2569 vitae
469 2497 639 2593 inquietae
654 2521 746 2569 nova
761 2497 1040 2570 suboriebantur
1053 2499 1164 2570 animi
1177 2523 1294 2586 sensa,

240 2615 372 2711 quibus
401 2613 681 2710 interpretandis
712 2613 846 2686 usitata
873 2638 948 2686 non
979 2615 1200 2688 suffecerunt
1230 2640 1295 2689 vo-

239 2732 390 2818 cabula;
420 2755 485 2804 nec
502 2755 588 2804 vero
610 2731 896 2826 alienigenarum
914 2755 983 2828 cpe
1007 2731 1064 2803 uti
1080 2741 1293 2829 potuerunt,

239 2848 372 2944 quibus
391 2850 532 2922 nullum
552 2858 628 2921 erat
647 2849 704 2921 vel
723 2850 814 2920 mari
832 2849 889 2920 vel
907 2853 1003 2921 terra
1020 2849 1292 2924 commercium.

237 2963 396 3038 Necesse
413 2976 489 3039 erat
507 2967 619 3061 igitur
635 2977 794 3039 veterem
814 2965 998 3042 materiem
1016 2964 1055 3038 in
1073 2990 1187 3040 novos
1205 2991 1294 3041 usus

129 3109 132 3115 ’
237 3082 374 3178 fingere
397 3088 434 3156 et
450 3083 603 3156 usitatas
621 3107 731 3156 voees
755 3083 953 3157 derivando
977 3093 1014 3156 et
1041 3085 1294 3180 componendo

237 3195 288 3268 ita
304 3196 400 3269 inter
412 3221 451 3269 se
468 3197 709 3284 committere,
725 3203 768 3269 ut
785 3197 1029 3270 crescentibus
1044 3198 1120 3294 jam
1134 3199 1242 3271 rebus
1256 3205 1295 3272 et

237 3315 428 3388 excultiori
446 3313 530 3385 vitae
548 3314 721 3387 inservire
741 3320 902 3410 possent.
958 3313 1056 3388 Hinc
1073 3313 1165 3387 ratio
1183 3321 1293 3411 atque

237 3432 371 3526 regulae
388 3429 572 3503 derivandi
590 3438 628 3503 et
646 3431 901 3526 componendi,
916 3439 952 3503 et
969 3432 1078 3528 (quod
1093 3431 1294 3504 maximum

237 3554 307 3636 est)
329 3548 518 3645 utriusque
536 3547 680 3621 habitus
699 3556 737 3620 et
754 3547 922 3644 frequens
939 3572 1039 3621 usus.
1077 3547 1176 3621 Hinc
1195 3548 1292 3620 deni-

239 3689 321 3762 que,
346 3676 390 3738 ut
415 3666 459 3737 de
484 3662 617 3738 effectu
644 3666 784 3761 loquar,
804 3665 986 3738 uberrima
1011 3665 1074 3736 illa
1099 3664 1293 3736 verborum

238 3783 345 3878 copia
360 3807 404 3854 ex
422 3781 524 3855 omni
542 3793 644 3878 parte
662 3780 730 3853 sibi
749 3785 921 3854 constans
937 3786 976 3852 et
993 3787 1076 3875 apte
1094 3779 1290 3853 cohaerens.

290 3899 362 3972 Sed
392 3901 468 3972 haee
499 3923 545 3972 ex
579 3897 755 3994 exemplis
786 3897 990 3993 colligenda
1020 3903 1118 3969 sunt.
1182 3893 1292 3969 (lom-

238 4015 438 4113 positornm
457 4039 565 4088 usum
592 3997 700 4087 nemo
727 4038 801 4086 non
828 4013 1004 4109 agnoscit,
1024 4023 1099 4085 tam
1124 4011 1161 4084 in
1184 4013 1292 4087 rebus

237 4130 395 4204 Poetiois
430 4154 540 4226 quam
573 4133 612 4204 in
648 4129 749 4203 omni
790 4153 957 4202 sermone
993 4128 1132 4201 Graeco
1196 4127 1292 4203 Sunt

236 4255 361 4320 autem
387 4251 445 4320 vel
471 4249 712 4345 Appellativa,
741 4271 821 4343 quae
853 4247 974 4318 locum
1004 4253 1069 4318 aut
1099 4269 1292 4342 personam

237 4365 412 4464 dignitate
439 4367 595 4463 quadam
613 4368 670 4440 vel
697 4364 891 4461 insigniore
919 4370 1007 4438 nota
1034 4369 1203 4436 ornatum
1230 4385 1290 4436 ex·
