<?xml version="1.0" encoding="UTF-8"?>
<!DOCTYPE html PUBLIC "-//W3C//DTD XHTML 1.0 Transitional//EN"
    "http://www.w3.org/TR/xhtml1/DTD/xhtml1-transitional.dtd">
<html xmlns="http://www.w3.org/1999/xhtml" xml:lang="en" lang="en">
 <head>
  <title>
</title>
<meta http-equiv="Content-Type" content="text/html;charset=utf-8" />
  <meta name='ocr-system' content='tesseract 3.04.00' />
  <meta name='ocr-capabilities' content='ocr_page ocr_carea ocr_par ocr_line ocrx_word'/>
</head>
<body>
  <div class='ocr_page' id='page_1' title='image "./prlectionesacad00randgoog_0076.png"; bbox 0 0 3096 4886; ppageno 0'>
   <div class='ocr_carea' id='block_1_1' title="bbox 288 291 1007 370">
    <p class='ocr_par' dir='ltr' id='par_1_1' title="bbox 288 291 1007 370">
     <span class='ocr_line' id='line_1_1' title="bbox 288 291 1007 370; baseline 0.013 -18"><span class='ocrx_word' id='word_1_1' title='bbox 288 291 332 354; x_wconf 90' lang='grc'><strong>66</strong></span> <span class='ocrx_word' id='word_1_2' title='bbox 623 311 835 360; x_wconf 64' lang='lat' dir='ltr'><strong>emeseno</strong></span> <span class='ocrx_word' id='word_1_3' title='bbox 856 311 1007 370; x_wconf 72' lang='lat' dir='ltr'><strong>onnam.</strong></span> 
     </span>
    </p>
   </div>
   <div class='ocr_carea' id='block_1_2' title="bbox 286 431 1343 556">
    <p class='ocr_par' dir='ltr' id='par_1_2' title="bbox 286 431 1343 556">
     <span class='ocr_line' id='line_1_2' title="bbox 286 431 1343 556; baseline 0.001 -25"><span class='ocrx_word' id='word_1_4' title='bbox 286 459 399 533; x_wconf 89' lang='lat' dir='ltr'><strong>nitate</strong></span> <span class='ocrx_word' id='word_1_5' title='bbox 427 457 582 556; x_wconf 91' lang='lat' dir='ltr'><strong>quadam</strong></span> <span class='ocrx_word' id='word_1_6' title='bbox 612 458 755 553; x_wconf 84' lang='lat' dir='ltr'><strong>singula</strong></span> <span class='ocrx_word' id='word_1_7' title='bbox 784 431 1038 554; x_wconf 51' lang='lat' dir='ltr'><strong>peragebant&amp;</strong></span> <span class='ocrx_word' id='word_1_8' title='bbox 1091 459 1237 556; x_wconf 91' lang='lat' dir='ltr'><strong>Aquam</strong></span> <span class='ocrx_word' id='word_1_9' title='bbox 1266 459 1343 532; x_wconf 90' lang='lat' dir='ltr'><strong>lus·</strong></span> 
     </span>
    </p>
   </div>
   <div class='ocr_carea' id='block_1_3' title="bbox 284 577 1343 2662">
    <p class='ocr_par' dir='ltr' id='par_1_3' title="bbox 284 577 1343 2662">
     <span class='ocr_line' id='line_1_3' title="bbox 285 577 1343 684; baseline 0 -24"><span class='ocrx_word' id='word_1_10' title='bbox 285 589 426 674; x_wconf 72' lang='lat' dir='ltr'><strong>uelem,</strong></span> <span class='ocrx_word' id='word_1_11' title='bbox 458 577 616 684; x_wconf 74' lang='grc' dir='ltr'>χέρνιβα</span> <span class='ocrx_word' id='word_1_12' title='bbox 651 595 784 658; x_wconf 90' lang='lat' dir='ltr'><strong>vocant</strong></span> <span class='ocrx_word' id='word_1_13' title='bbox 820 585 947 674; x_wconf 87' lang='lat' dir='ltr'><strong>Graeei,</strong></span> <span class='ocrx_word' id='word_1_14' title='bbox 984 587 1195 674; x_wconf 86' lang='lat' dir='ltr'><strong>afferebant,</strong></span> <span class='ocrx_word' id='word_1_15' title='bbox 1232 588 1343 684; x_wconf 87' lang='lat' dir='ltr'><strong>dapes</strong></span> 
     </span>
     <span class='ocr_line' id='line_1_4' title="bbox 285 702 1343 802; baseline -0.002 -24"><span class='ocrx_word' id='word_1_16' title='bbox 285 705 529 802; x_wconf 86' lang='lat' dir='ltr'><strong>apponebant,</strong></span> <span class='ocrx_word' id='word_1_17' title='bbox 547 709 585 777; x_wconf 93' lang='lat' dir='ltr'><strong>et</strong></span> <span class='ocrx_word' id='word_1_18' title='bbox 610 727 670 776; x_wconf 90' lang='lat' dir='ltr'><strong>eas</strong></span> <span class='ocrx_word' id='word_1_19' title='bbox 696 727 762 798; x_wconf 90' lang='lat' dir='ltr'><strong>pro</strong></span> <span class='ocrx_word' id='word_1_20' title='bbox 788 702 943 775; x_wconf 89' lang='lat' dir='ltr'><strong>istorum</strong></span> <span class='ocrx_word' id='word_1_21' title='bbox 967 709 1177 800; x_wconf 86' lang='lat' dir='ltr'><strong>temporum</strong></span> <span class='ocrx_word' id='word_1_22' title='bbox 1203 705 1343 778; x_wconf 89' lang='lat' dir='ltr'><strong>ratione</strong></span> 
     </span>
     <span class='ocr_line' id='line_1_5' title="bbox 286 819 1343 918; baseline -0.002 -24"><span class='ocrx_word' id='word_1_23' title='bbox 286 831 529 918; x_wconf 89' lang='lat' dir='ltr'><strong>sumptuosas.</strong></span> <span class='ocrx_word' id='word_1_24' title='bbox 581 820 760 893; x_wconf 78' lang='lat' dir='ltr'><strong>Adstabat</strong></span> <span class='ocrx_word' id='word_1_25' title='bbox 778 819 1005 893; x_wconf 90' lang='lat' dir='ltr'><strong>Caduceator</strong></span> <span class='ocrx_word' id='word_1_26' title='bbox 1022 819 1085 916; x_wconf 91' lang='lat' dir='ltr'><strong>qui</strong></span> <span class='ocrx_word' id='word_1_27' title='bbox 1107 821 1281 917; x_wconf 90' lang='lat' dir='ltr'><strong>poculum</strong></span> <span class='ocrx_word' id='word_1_28' title='bbox 1303 819 1343 892; x_wconf 93' lang='lat' dir='ltr'><strong>in</strong></span> 
     </span>
     <span class='ocr_line' id='line_1_6' title="bbox 286 935 1341 1031; baseline -0.001 -22"><span class='ocrx_word' id='word_1_29' title='bbox 286 959 416 1010; x_wconf 92' lang='lat' dir='ltr'><strong>manus</strong></span> <span class='ocrx_word' id='word_1_30' title='bbox 433 936 602 1024; x_wconf 89' lang='lat' dir='ltr'><strong>traderet,</strong></span> <span class='ocrx_word' id='word_1_31' title='bbox 619 936 752 1031; x_wconf 86' lang='lat' dir='ltr'>singuli</span> <span class='ocrx_word' id='word_1_32' title='bbox 769 935 925 1031; x_wconf 92' lang='lat' dir='ltr'><strong>denique</strong></span> <span class='ocrx_word' id='word_1_33' title='bbox 942 936 1103 1008; x_wconf 88' lang='lat' dir='ltr'><strong>eonvivae</strong></span> <span class='ocrx_word' id='word_1_34' title='bbox 1119 935 1287 1031; x_wconf 90' lang='lat' dir='ltr'><strong>precibus</strong></span> <span class='ocrx_word' id='word_1_35' title='bbox 1304 943 1341 1008; x_wconf 87' lang='lat' dir='ltr'><strong>et</strong></span> 
     </span>
     <span class='ocr_line' id='line_1_7' title="bbox 285 1050 1340 1148; baseline -0.001 -24"><span class='ocrx_word' id='word_1_36' title='bbox 285 1051 517 1126; x_wconf 84' lang='lat' dir='ltr'><strong>libationibus</strong></span> <span class='ocrx_word' id='word_1_37' title='bbox 535 1051 656 1124; x_wconf 90' lang='lat' dir='ltr'><strong>Deum</strong></span> <span class='ocrx_word' id='word_1_38' title='bbox 674 1050 863 1147; x_wconf 86' lang='lat' dir='ltr'><strong>hospitalis</strong></span> <span class='ocrx_word' id='word_1_39' title='bbox 880 1075 1015 1123; x_wconf 86' lang='lat' dir='ltr'><strong>mensae</strong></span> <span class='ocrx_word' id='word_1_40' title='bbox 1029 1050 1218 1148; x_wconf 79' lang='lat' dir='ltr'><strong>praesidem</strong></span> <span class='ocrx_word' id='word_1_41' title='bbox 1234 1075 1340 1124; x_wconf 87' lang='lat' dir='ltr'><strong>vene·</strong></span> 
     </span>
     <span class='ocr_line' id='line_1_8' title="bbox 287 1167 1341 1243; baseline -0.001 -1"><span class='ocrx_word' id='word_1_42' title='bbox 287 1171 458 1243; x_wconf 86' lang='lat' dir='ltr'><strong>rebantur</strong></span> <span class='ocrx_word' id='word_1_43' title='bbox 467 1177 490 1242; x_wconf 90' lang='lat'><strong>¹.</strong></span> <span class='ocrx_word' id='word_1_44' title='bbox 542 1167 702 1242; x_wconf 86' lang='lat' dir='ltr'><strong>Peractis</strong></span> <span class='ocrx_word' id='word_1_45' title='bbox 719 1170 788 1242; x_wconf 87' lang='lat' dir='ltr'><strong>rite</strong></span> <span class='ocrx_word' id='word_1_46' title='bbox 809 1167 908 1240; x_wconf 91' lang='lat' dir='ltr'><strong>bisce</strong></span> <span class='ocrx_word' id='word_1_47' title='bbox 931 1169 1101 1242; x_wconf 90' lang='lat' dir='ltr'><strong>omnibus</strong></span> <span class='ocrx_word' id='word_1_48' title='bbox 1124 1169 1273 1241; x_wconf 91' lang='lat' dir='ltr'><strong>tandem</strong></span> <span class='ocrx_word' id='word_1_49' title='bbox 1296 1169 1341 1241; x_wconf 91' lang='lat' dir='ltr'><strong>de</strong></span> 
     </span>
     <span class='ocr_line' id='line_1_9' title="bbox 286 1283 1341 1382; baseline 0 -24"><span class='ocrx_word' id='word_1_50' title='bbox 286 1309 415 1382; x_wconf 83' lang='lat' dir='ltr'><strong>genere</strong></span> <span class='ocrx_word' id='word_1_51' title='bbox 441 1292 479 1358; x_wconf 90' lang='lat' dir='ltr'><strong>et</strong></span> <span class='ocrx_word' id='word_1_52' title='bbox 504 1283 632 1381; x_wconf 88' lang='lat' dir='ltr'><strong>patria.</strong></span> <span class='ocrx_word' id='word_1_53' title='bbox 645 1285 723 1378; x_wconf 91' lang='lat' dir='ltr'><strong>ejus</strong></span> <span class='ocrx_word' id='word_1_54' title='bbox 749 1284 915 1380; x_wconf 82' lang='lat' dir='ltr'><strong>quaedam</strong></span> <span class='ocrx_word' id='word_1_55' title='bbox 942 1283 1109 1356; x_wconf 87' lang='lat' dir='ltr'><strong>decenter</strong></span> <span class='ocrx_word' id='word_1_56' title='bbox 1125 1290 1163 1356; x_wconf 90' lang='lat' dir='ltr'><strong>et</strong></span> <span class='ocrx_word' id='word_1_57' title='bbox 1188 1285 1341 1358; x_wconf 89' lang='lat' dir='ltr'><strong>comiter</strong></span> 
     </span>
     <span class='ocr_line' id='line_1_10' title="bbox 284 1400 1342 1497; baseline 0 -23"><span class='ocrx_word' id='word_1_58' title='bbox 284 1402 564 1497; x_wconf 86' lang='lat' dir='ltr'><strong>interrogabant.</strong></span> <span class='ocrx_word' id='word_1_59' title='bbox 616 1400 726 1496; x_wconf 87' lang='lat' dir='ltr'><strong>Apud</strong></span> <span class='ocrx_word' id='word_1_60' title='bbox 758 1424 821 1472; x_wconf 90' lang='lat' dir='ltr'><strong>ecs</strong></span> <span class='ocrx_word' id='word_1_61' title='bbox 854 1407 1141 1472; x_wconf 84' lang='lat' dir='ltr'><strong>commorantem</strong></span> <span class='ocrx_word' id='word_1_62' title='bbox 1174 1401 1270 1474; x_wconf 88' lang='lat' dir='ltr'><strong>ludis</strong></span> <span class='ocrx_word' id='word_1_63' title='bbox 1304 1411 1342 1474; x_wconf 94' lang='lat' dir='ltr'><strong>et</strong></span> 
     </span>
     <span class='ocr_line' id='line_1_11' title="bbox 286 1516 1341 1613; baseline -0.001 -22"><span class='ocrx_word' id='word_1_64' title='bbox 286 1517 461 1592; x_wconf 88' lang='lat' dir='ltr'><strong>conviviis</strong></span> <span class='ocrx_word' id='word_1_65' title='bbox 491 1516 717 1612; x_wconf 84' lang='lat' dir='ltr'><strong>excipiebant</strong></span> <span class='ocrx_word' id='word_1_66' title='bbox 727 1518 748 1605; x_wconf 75' lang='lat'><strong>²,</strong></span> <span class='ocrx_word' id='word_1_67' title='bbox 783 1517 979 1590; x_wconf 88' lang='lat' dir='ltr'><strong>abeuntem</strong></span> <span class='ocrx_word' id='word_1_68' title='bbox 1008 1517 1113 1590; x_wconf 89' lang='lat' dir='ltr'><strong>donis</strong></span> <span class='ocrx_word' id='word_1_69' title='bbox 1146 1541 1341 1613; x_wconf 84' lang='lat' dir='ltr'><strong>proseque-</strong></span> 
     </span>
     <span class='ocr_line' id='line_1_12' title="bbox 285 1633 1340 1731; baseline -0.001 -24"><span class='ocrx_word' id='word_1_70' title='bbox 285 1635 418 1708; x_wconf 88' lang='lat' dir='ltr'><strong>bantur</strong></span> <span class='ocrx_word' id='word_1_71' title='bbox 446 1641 485 1708; x_wconf 90' lang='lat' dir='ltr'><strong>et</strong></span> <span class='ocrx_word' id='word_1_72' title='bbox 518 1635 771 1722; x_wconf 89' lang='lat' dir='ltr'><strong>deducebant;</strong></span> <span class='ocrx_word' id='word_1_73' title='bbox 808 1640 845 1706; x_wconf 92' lang='lat' dir='ltr'><strong>et</strong></span> <span class='ocrx_word' id='word_1_74' title='bbox 872 1657 914 1707; x_wconf 88' lang='lat' dir='ltr'><strong>ea</strong></span> <span class='ocrx_word' id='word_1_75' title='bbox 948 1633 1070 1707; x_wconf 90' lang='lat' dir='ltr'><strong>omnia</strong></span> <span class='ocrx_word' id='word_1_76' title='bbox 1103 1659 1185 1731; x_wconf 87' lang='lat' dir='ltr'><strong>quae</strong></span> <span class='ocrx_word' id='word_1_77' title='bbox 1219 1634 1340 1707; x_wconf 88' lang='lat' dir='ltr'><strong>itineri</strong></span> 
     </span>
     <span class='ocr_line' id='line_1_13' title="bbox 284 1750 1340 1848; baseline 0 -24"><span class='ocrx_word' id='word_1_78' title='bbox 284 1751 503 1847; x_wconf 87' lang='lat' dir='ltr'><strong>perficiendo</strong></span> <span class='ocrx_word' id='word_1_79' title='bbox 543 1750 741 1824; x_wconf 88' lang='lat' dir='ltr'><strong>necessaria</strong></span> <span class='ocrx_word' id='word_1_80' title='bbox 780 1751 900 1824; x_wconf 83' lang='lat' dir='ltr'><strong>forent</strong></span> <span class='ocrx_word' id='word_1_81' title='bbox 932 1752 1099 1825; x_wconf 88' lang='lat' dir='ltr'><strong>lubenter</strong></span> <span class='ocrx_word' id='word_1_82' title='bbox 1132 1751 1340 1848; x_wconf 84' lang='lat' dir='ltr'><strong>suppedita-</strong></span> 
     </span>
     <span class='ocr_line' id='line_1_14' title="bbox 285 1868 1340 1965; baseline 0 -24"><span class='ocrx_word' id='word_1_83' title='bbox 285 1869 385 1954; x_wconf 85' lang='lat' dir='ltr'><strong>bant,</strong></span> <span class='ocrx_word' id='word_1_84' title='bbox 403 1892 665 1965; x_wconf 84' lang='lat' dir='ltr'><strong>nonnunquam</strong></span> <span class='ocrx_word' id='word_1_85' title='bbox 684 1868 795 1942; x_wconf 86' lang='lat' dir='ltr'><strong>etinm</strong></span> <span class='ocrx_word' id='word_1_86' title='bbox 816 1893 895 1942; x_wconf 90' lang='lat' dir='ltr'><strong>sese</strong></span> <span class='ocrx_word' id='word_1_87' title='bbox 911 1869 979 1942; x_wconf 85' lang='lat' dir='ltr'><strong>viae</strong></span> <span class='ocrx_word' id='word_1_88' title='bbox 1001 1869 1110 1942; x_wconf 90' lang='lat' dir='ltr'><strong>duces</strong></span> <span class='ocrx_word' id='word_1_89' title='bbox 1128 1876 1166 1942; x_wconf 90' lang='lat' dir='ltr'><strong>et</strong></span> <span class='ocrx_word' id='word_1_90' title='bbox 1188 1869 1340 1942; x_wconf 88' lang='lat' dir='ltr'><strong>comites</strong></span> 
     </span>
     <span class='ocr_line' id='line_1_15' title="bbox 284 1984 1339 2082; baseline 0 -24"><span class='ocrx_word' id='word_1_91' title='bbox 284 1986 503 2081; x_wconf 76' lang='lat' dir='ltr'><strong>praebebant,</strong></span> <span class='ocrx_word' id='word_1_92' title='bbox 531 2009 648 2082; x_wconf 89' lang='lat' dir='ltr'><strong>neque</strong></span> <span class='ocrx_word' id='word_1_93' title='bbox 677 1985 775 2057; x_wconf 90' lang='lat' dir='ltr'><strong>enim</strong></span> <span class='ocrx_word' id='word_1_94' title='bbox 802 1985 863 2058; x_wconf 87' lang='lat' dir='ltr'><strong>illa</strong></span> <span class='ocrx_word' id='word_1_95' title='bbox 890 1985 1084 2058; x_wconf 73' lang='lat' dir='ltr'><strong>Phaeacum</strong></span> <span class='ocrx_word' id='word_1_96' title='bbox 1114 1985 1227 2081; x_wconf 85' lang='lat' dir='ltr'><strong>gloria</strong></span> <span class='ocrx_word' id='word_1_97' title='bbox 1252 1984 1339 2080; x_wconf 90' lang='lat' dir='ltr'><strong>ipsis</strong></span> 
     </span>
     <span class='ocr_line' id='line_1_16' title="bbox 285 2101 1339 2200; baseline 0 -26"><span class='ocrx_word' id='word_1_98' title='bbox 285 2103 435 2175; x_wconf 91' lang='lat' dir='ltr'><strong>omnino</strong></span> <span class='ocrx_word' id='word_1_99' title='bbox 460 2101 605 2197; x_wconf 91' lang='lat' dir='ltr'><strong>propria</strong></span> <span class='ocrx_word' id='word_1_100' title='bbox 627 2109 716 2174; x_wconf 89' lang='lat' dir='ltr'><strong>erat.</strong></span> <span class='ocrx_word' id='word_1_101' title='bbox 769 2101 847 2175; x_wconf 89' lang='lat' dir='ltr'><strong>Nec</strong></span> <span class='ocrx_word' id='word_1_102' title='bbox 869 2127 956 2175; x_wconf 89' lang='lat' dir='ltr'><strong>vero</strong></span> <span class='ocrx_word' id='word_1_103' title='bbox 978 2127 1063 2176; x_wconf 90' lang='lat' dir='ltr'><strong>cum</strong></span> <span class='ocrx_word' id='word_1_104' title='bbox 1085 2101 1165 2200; x_wconf 94' lang='lat' dir='ltr'><strong>ipso</strong></span> <span class='ocrx_word' id='word_1_105' title='bbox 1182 2103 1339 2176; x_wconf 90' lang='lat' dir='ltr'><strong>abeunte</strong></span> 
     </span>
     <span class='ocr_line' id='line_1_17' title="bbox 285 2217 1340 2314; baseline 0.001 -25"><span class='ocrx_word' id='word_1_106' title='bbox 285 2218 404 2290; x_wconf 90' lang='lat' dir='ltr'><strong>omnis</strong></span> <span class='ocrx_word' id='word_1_107' title='bbox 444 2217 716 2290; x_wconf 88' lang='lat' dir='ltr'><strong>consuetudinis</strong></span> <span class='ocrx_word' id='word_1_108' title='bbox 759 2218 858 2292; x_wconf 86' lang='lat' dir='ltr'><strong>illius</strong></span> <span class='ocrx_word' id='word_1_109' title='bbox 901 2219 1017 2314; x_wconf 87' lang='lat' dir='ltr'><strong>gratia</strong></span> <span class='ocrx_word' id='word_1_110' title='bbox 1058 2224 1096 2290; x_wconf 90' lang='lat' dir='ltr'><strong>et</strong></span> <span class='ocrx_word' id='word_1_111' title='bbox 1138 2217 1340 2292; x_wconf 87' lang='lat' dir='ltr'><strong>recordatio</strong></span> 
     </span>
     <span class='ocr_line' id='line_1_18' title="bbox 284 2333 1339 2431; baseline 0.001 -26"><span class='ocrx_word' id='word_1_112' title='bbox 284 2333 402 2428; x_wconf 91' lang='lat' dir='ltr'><strong>periit,</strong></span> <span class='ocrx_word' id='word_1_113' title='bbox 421 2333 483 2405; x_wconf 89' lang='lat' dir='ltr'><strong>sed</strong></span> <span class='ocrx_word' id='word_1_114' title='bbox 501 2333 579 2428; x_wconf 87' lang='lat' dir='ltr'><strong>jam</strong></span> <span class='ocrx_word' id='word_1_115' title='bbox 602 2335 646 2406; x_wconf 91' lang='lat' dir='ltr'><strong>ab</strong></span> <span class='ocrx_word' id='word_1_116' title='bbox 670 2358 714 2406; x_wconf 94' lang='lat' dir='ltr'><strong>eo</strong></span> <span class='ocrx_word' id='word_1_117' title='bbox 736 2339 900 2429; x_wconf 88' lang='lat' dir='ltr'><strong>tempore</strong></span> <span class='ocrx_word' id='word_1_118' title='bbox 923 2345 1052 2408; x_wconf 92' lang='lat' dir='ltr'><strong>mutuo</strong></span> <span class='ocrx_word' id='word_1_119' title='bbox 1076 2335 1235 2431; x_wconf 89' lang='lat' dir='ltr'><strong>quodam</strong></span> <span class='ocrx_word' id='word_1_120' title='bbox 1258 2333 1339 2406; x_wconf 88' lang='lat' dir='ltr'><strong>vin·</strong></span> 
     </span>
     <span class='ocr_line' id='line_1_19' title="bbox 285 2449 1340 2548; baseline 0.001 -26"><span class='ocrx_word' id='word_1_121' title='bbox 285 2450 368 2522; x_wconf 91' lang='lat' dir='ltr'><strong>culo</strong></span> <span class='ocrx_word' id='word_1_122' title='bbox 393 2471 470 2521; x_wconf 90' lang='lat' dir='ltr'><strong>sese</strong></span> <span class='ocrx_word' id='word_1_123' title='bbox 496 2449 683 2522; x_wconf 89' lang='lat' dir='ltr'><strong>devinctos</strong></span> <span class='ocrx_word' id='word_1_124' title='bbox 706 2450 983 2537; x_wconf 87' lang='lat' dir='ltr'><strong>arbitrabantur,</strong></span> <span class='ocrx_word' id='word_1_125' title='bbox 1003 2451 1100 2548; x_wconf 93' lang='lat' dir='ltr'><strong>quod</strong></span> <span class='ocrx_word' id='word_1_126' title='bbox 1127 2453 1238 2525; x_wconf 88' lang='lat' dir='ltr'><strong>etiam</strong></span> <span class='ocrx_word' id='word_1_127' title='bbox 1259 2451 1340 2523; x_wconf 90' lang='lat' dir='ltr'><strong>vin·</strong></span> 
     </span>
     <span class='ocr_line' id='line_1_20' title="bbox 286 2566 1003 2662; baseline 0.001 -24"><span class='ocrx_word' id='word_1_128' title='bbox 286 2567 411 2640; x_wconf 90' lang='lat' dir='ltr'><strong>culum</strong></span> <span class='ocrx_word' id='word_1_129' title='bbox 428 2589 451 2638; x_wconf 94' lang='lat' dir='ltr'><strong>a</strong></span> <span class='ocrx_word' id='word_1_130' title='bbox 466 2573 569 2662; x_wconf 89' lang='lat' dir='ltr'><strong>patre</strong></span> <span class='ocrx_word' id='word_1_131' title='bbox 586 2566 633 2638; x_wconf 88' lang='lat' dir='ltr'><strong>ad</strong></span> <span class='ocrx_word' id='word_1_132' title='bbox 650 2566 743 2641; x_wconf 89' lang='lat' dir='ltr'><strong>lilios</strong></span> <span class='ocrx_word' id='word_1_133' title='bbox 760 2567 930 2640; x_wconf 80' lang='lat' dir='ltr'><strong>transiitu</strong></span> <span class='ocrx_word' id='word_1_134' title='bbox 943 2599 1003 2639; x_wconf 89' lang='lat'><strong>:--</strong></span> 
     </span>
    </p>
   </div>
   <div class='ocr_carea' id='block_1_4' title="bbox 439 2757 1071 2835">
    <p class='ocr_par' dir='ltr' id='par_1_4' title="bbox 439 2757 1071 2835">
     <span class='ocr_line' id='line_1_21' title="bbox 439 2757 1071 2835; baseline 0.005 -19"><span class='ocrx_word' id='word_1_135' title='bbox 439 2757 478 2816; x_wconf 77' lang='lat' dir='ltr'><strong>’H</strong></span> <span class='ocrx_word' id='word_1_136' title='bbox 493 2761 527 2835; x_wconf 72' lang='grc' dir='ltr'><strong>ῥὰ</strong></span> <span class='ocrx_word' id='word_1_137' title='bbox 540 2761 570 2816; x_wconf 79' lang='grc' dir='ltr'><strong>νὺ</strong></span> <span class='ocrx_word' id='word_1_138' title='bbox 582 2785 627 2832; x_wconf 86' lang='grc' dir='ltr'><strong>μοι</strong></span> <span class='ocrx_word' id='word_1_139' title='bbox 641 2761 724 2831; x_wconf 70' lang='grc' dir='ltr'>ξεῖνοι</span> <span class='ocrx_word' id='word_1_140' title='bbox 736 2764 864 2835; x_wconf 70' lang='lat' dir='ltr'><strong>emptus</strong></span> <span class='ocrx_word' id='word_1_141' title='bbox 877 2764 941 2818; x_wconf 78' lang='grc' dir='ltr'>ἔσσι</span> <span class='ocrx_word' id='word_1_142' title='bbox 953 2757 1071 2821; x_wconf 70' lang='lat' dir='ltr'><strong>culcior.</strong></span> 
     </span>
    </p>
   </div>
   <div class='ocr_carea' id='block_1_5' title="bbox 285 2955 1342 3404">
    <p class='ocr_par' dir='ltr' id='par_1_5' title="bbox 285 2955 1342 3404">
     <span class='ocr_line' id='line_1_22' title="bbox 286 2955 1342 3053; baseline 0.002 -25"><span class='ocrx_word' id='word_1_143' title='bbox 286 2957 411 3053; x_wconf 88' lang='lat' dir='ltr'><strong>Atque</strong></span> <span class='ocrx_word' id='word_1_144' title='bbox 429 2957 506 3030; x_wconf 83' lang='lat' dir='ltr'><strong>haec</strong></span> <span class='ocrx_word' id='word_1_145' title='bbox 524 2955 670 3052; x_wconf 92' lang='lat' dir='ltr'><strong>quidem</strong></span> <span class='ocrx_word' id='word_1_146' title='bbox 688 2959 786 3029; x_wconf 87' lang='lat' dir='ltr'><strong>certe</strong></span> <span class='ocrx_word' id='word_1_147' title='bbox 804 2981 947 3053; x_wconf 84' lang='lat' dir='ltr'><strong>magna.</strong></span> <span class='ocrx_word' id='word_1_148' title='bbox 999 2955 1136 3030; x_wconf 89' lang='lat' dir='ltr'><strong>Vereor</strong></span> <span class='ocrx_word' id='word_1_149' title='bbox 1152 2966 1274 3030; x_wconf 90' lang='lat' dir='ltr'><strong>tamen</strong></span> <span class='ocrx_word' id='word_1_150' title='bbox 1295 2982 1342 3030; x_wconf 91' lang='lat' dir='ltr'><strong>ne</strong></span> 
     </span>
     <span class='ocr_line' id='line_1_23' title="bbox 285 3072 1339 3169; baseline 0.004 -26"><span class='ocrx_word' id='word_1_151' title='bbox 285 3073 364 3168; x_wconf 88' lang='lat' dir='ltr'><strong>ipsa</strong></span> <span class='ocrx_word' id='word_1_152' title='bbox 397 3075 475 3145; x_wconf 88' lang='lat' dir='ltr'><strong>haec</strong></span> <span class='ocrx_word' id='word_1_153' title='bbox 505 3073 652 3145; x_wconf 86' lang='lat' dir='ltr'><strong>incultae</strong></span> <span class='ocrx_word' id='word_1_154' title='bbox 680 3072 764 3144; x_wconf 81' lang='lat' dir='ltr'><strong>vitae</strong></span> <span class='ocrx_word' id='word_1_155' title='bbox 791 3080 829 3145; x_wconf 93' lang='lat' dir='ltr'><strong>et</strong></span> <span class='ocrx_word' id='word_1_156' title='bbox 858 3074 1068 3169; x_wconf 87' lang='lat' dir='ltr'><strong>periculosae</strong></span> <span class='ocrx_word' id='word_1_157' title='bbox 1097 3074 1228 3148; x_wconf 92' lang='lat' dir='ltr'><strong>indicia</strong></span> <span class='ocrx_word' id='word_1_158' title='bbox 1255 3075 1339 3161; x_wconf 88' lang='lat' dir='ltr'><strong>sint,</strong></span> 
     </span>
     <span class='ocr_line' id='line_1_24' title="bbox 286 3187 1342 3285; baseline 0.004 -25"><span class='ocrx_word' id='word_1_159' title='bbox 286 3196 366 3260; x_wconf 89' lang='lat' dir='ltr'><strong>tum</strong></span> <span class='ocrx_word' id='word_1_160' title='bbox 384 3188 483 3260; x_wconf 89' lang='lat' dir='ltr'><strong>enim</strong></span> <span class='ocrx_word' id='word_1_161' title='bbox 501 3189 659 3260; x_wconf 85' lang='lat' dir='ltr'><strong>maxime</strong></span> <span class='ocrx_word' id='word_1_162' title='bbox 676 3187 834 3284; x_wconf 91' lang='lat' dir='ltr'><strong>hospitio</strong></span> <span class='ocrx_word' id='word_1_163' title='bbox 852 3213 945 3285; x_wconf 90' lang='lat' dir='ltr'><strong>opus</strong></span> <span class='ocrx_word' id='word_1_164' title='bbox 961 3202 1030 3278; x_wconf 90' lang='lat' dir='ltr'><strong>est,</strong></span> <span class='ocrx_word' id='word_1_165' title='bbox 1048 3215 1134 3263; x_wconf 92' lang='lat' dir='ltr'><strong>cum</strong></span> <span class='ocrx_word' id='word_1_166' title='bbox 1150 3197 1234 3264; x_wconf 87' lang='lat' dir='ltr'><strong>tuto</strong></span> <span class='ocrx_word' id='word_1_167' title='bbox 1255 3190 1342 3264; x_wconf 89' lang='lat' dir='ltr'><strong>binc</strong></span> 
     </span>
     <span class='ocr_line' id='line_1_25' title="bbox 286 3301 1341 3404; baseline 0.006 -30"><span class='ocrx_word' id='word_1_168' title='bbox 286 3301 369 3376; x_wconf 89' lang='lat' dir='ltr'><strong>inde</strong></span> <span class='ocrx_word' id='word_1_169' title='bbox 391 3303 617 3377; x_wconf 90' lang='lat' dir='ltr'><strong>commeandi</strong></span> <span class='ocrx_word' id='word_1_170' title='bbox 639 3309 800 3401; x_wconf 86' lang='lat' dir='ltr'><strong>potestas</strong></span> <span class='ocrx_word' id='word_1_171' title='bbox 826 3330 900 3379; x_wconf 91' lang='lat' dir='ltr'><strong>non</strong></span> <span class='ocrx_word' id='word_1_172' title='bbox 927 3305 1044 3394; x_wconf 87' lang='lat' dir='ltr'><strong>datur,</strong></span> <span class='ocrx_word' id='word_1_173' title='bbox 1062 3331 1180 3404; x_wconf 92' lang='lat' dir='ltr'><strong>neque</strong></span> <span class='ocrx_word' id='word_1_174' title='bbox 1202 3331 1247 3379; x_wconf 85' lang='lat' dir='ltr'><strong>ex</strong></span> <span class='ocrx_word' id='word_1_175' title='bbox 1270 3305 1341 3380; x_wconf 87' lang='lat' dir='ltr'><strong>alia</strong></span> 
     </span>
    </p>
   </div>
   <div class='ocr_carea' id='block_1_6' title="bbox 285 3563 1341 4359">
    <p class='ocr_par' dir='ltr' id='par_1_6' title="bbox 285 3563 1341 4359">
     <span class='ocr_line' id='line_1_26' title="bbox 326 3563 1339 3647; baseline 0.004 -22.097"><span class='ocrx_word' id='word_1_176' title='bbox 326 3563 420 3625; x_wconf 71' lang='lat' dir='ltr'><strong>rvid.</strong></span> <span class='ocrx_word' id='word_1_177' title='bbox 438 3564 502 3634; x_wconf 74' lang='lat' dir='ltr'><strong>od..</strong></span> <span class='ocrx_word' id='word_1_178' title='bbox 520 3564 793 3646; x_wconf 73' lang='lat' dir='ltr'><strong>passim-preser·</strong></span> <span class='ocrx_word' id='word_1_179' title='bbox 833 3587 948 3627; x_wconf 78' lang='lat' dir='ltr'><strong>cranam</strong></span> <span class='ocrx_word' id='word_1_180' title='bbox 981 3567 1157 3640; x_wconf 82' lang='lat' dir='ltr'><strong>invitabant,</strong></span> <span class='ocrx_word' id='word_1_181' title='bbox 1187 3572 1339 3647; x_wconf 75' lang='lat' dir='ltr'><strong>postremo</strong></span> 
     </span>
     <span class='ocr_line' id='line_1_27' title="bbox 286 3643 1337 3761; baseline 0.002 -57"><span class='ocrx_word' id='word_1_182' title='bbox 286 3643 349 3761; x_wconf 81' lang='grc' dir='ltr'><strong>ιίιιιΙ</strong></span> <span class='ocrx_word' id='word_1_183' title='bbox 356 3643 408 3705; x_wconf 91' lang='lat' dir='ltr'><strong>lib.</strong></span> <span class='ocrx_word' id='word_1_184' title='bbox 424 3658 455 3705; x_wconf 93' lang='lat' dir='ltr'><strong>A.</strong></span> <span class='ocrx_word' id='word_1_185' title='bbox 470 3650 502 3704; x_wconf 86' lang='lat' dir='ltr'><strong>et</strong></span> <span class='ocrx_word' id='word_1_186' title='bbox 517 3659 551 3704; x_wconf 80' lang='grc' dir='ltr'><strong>Η.</strong></span> <span class='ocrx_word' id='word_1_187' title='bbox 833 3647 996 3706; x_wconf 84' lang='lat' dir='ltr'><strong>mittebant</strong></span> <span class='ocrx_word' id='word_1_188' title='bbox 1021 3647 1128 3725; x_wconf 84' lang='lat' dir='ltr'><strong>pullos,</strong></span> <span class='ocrx_word' id='word_1_189' title='bbox 1155 3667 1218 3720; x_wconf 76' lang='lat' dir='ltr'><strong>ora,</strong></span> <span class='ocrx_word' id='word_1_190' title='bbox 1248 3645 1337 3720; x_wconf 85' lang='lat' dir='ltr'><strong>olera,</strong></span> 
     </span>
     <span class='ocr_line' id='line_1_28' title="bbox 289 3724 1339 3918; baseline 0.002 -56"><span class='ocrx_word' id='word_1_191' title='bbox 289 3802 388 3863; x_wconf 72' lang='grc' dir='ltr'>(ιιι</span> <span class='ocrx_word' id='word_1_192' title='bbox 337 3724 460 3864; x_wconf 64' lang='lat' dir='ltr'><strong>&#39;Qii</strong></span> <span class='ocrx_word' id='word_1_193' title='bbox 463 3724 795 3918; x_wconf 57' lang='lat' dir='ltr'><strong>,tttpttlt‘t</strong></span> <span class='ocrx_word' id='word_1_194' title='bbox 852 3725 1339 3884; x_wconf 59' lang='lat' dir='ltr'><strong>emtttltttltffitt</strong></span> 
     </span>
     <span class='ocr_line' id='line_1_29' title="bbox 287 3823 1339 3975; baseline 0.003 -34"><span class='ocrx_word' id='word_1_195' title='bbox 287 3881 426 3941; x_wconf 85' lang='lat' dir='ltr'><strong>Vitruvio</strong></span> <span class='ocrx_word' id='word_1_196' title='bbox 444 3823 597 3943; x_wconf 78' lang='lat' dir='ltr'><strong>diseas2-</strong></span> <span class='ocrx_word' id='word_1_197' title='bbox 601 3884 711 3942; x_wconf 87' lang='lat' dir='ltr'><strong>“Nam</strong></span> <span class='ocrx_word' id='word_1_198' title='bbox 727 3903 796 3942; x_wconf 87' lang='lat' dir='ltr'><strong>enm</strong></span> <span class='ocrx_word' id='word_1_199' title='bbox 833 3885 908 3964; x_wconf 85' lang='lat' dir='ltr'><strong>pitio</strong></span> <span class='ocrx_word' id='word_1_200' title='bbox 927 3904 990 3945; x_wconf 89' lang='grc' dir='ltr'>ιιοιι</span> <span class='ocrx_word' id='word_1_201' title='bbox 1009 3883 1188 3946; x_wconf 84' lang='lat' dir='ltr'><strong>ridebantur</strong></span> <span class='ocrx_word' id='word_1_202' title='bbox 1202 3903 1267 3944; x_wconf 86' lang='lat' dir='ltr'><strong>esse</strong></span> <span class='ocrx_word' id='word_1_203' title='bbox 1288 3903 1339 3975; x_wconf 78' lang='lat' dir='ltr'><strong>pe-</strong></span> 
     </span>
     <span class='ocr_line' id='line_1_30' title="bbox 287 3960 1341 4043; baseline 0.003 -24"><span class='ocrx_word' id='word_1_204' title='bbox 287 3960 413 4020; x_wconf 83' lang='lat' dir='ltr'><strong>fuenmt</strong></span> <span class='ocrx_word' id='word_1_205' title='bbox 433 3961 531 4022; x_wconf 81' lang='lat' dir='ltr'><strong>Graeci</strong></span> <span class='ocrx_word' id='word_1_206' title='bbox 554 3960 749 4028; x_wconf 85' lang='lat' dir='ltr'><strong>delicatiores,</strong></span> <span class='ocrx_word' id='word_1_207' title='bbox 764 3967 796 4021; x_wconf 84' lang='lat' dir='ltr'><strong>et</strong></span> <span class='ocrx_word' id='word_1_208' title='bbox 833 3983 929 4043; x_wconf 83' lang='lat' dir='ltr'><strong>regre,</strong></span> <span class='ocrx_word' id='word_1_209' title='bbox 957 3963 1101 4024; x_wconf 86' lang='lat' dir='ltr'><strong>babentes</strong></span> <span class='ocrx_word' id='word_1_210' title='bbox 1135 3969 1280 4024; x_wconf 85' lang='lat' dir='ltr'><strong>secretam</strong></span> <span class='ocrx_word' id='word_1_211' title='bbox 1307 3963 1341 4022; x_wconf 91' lang='lat' dir='ltr'><strong>in</strong></span> 
     </span>
     <span class='ocr_line' id='line_1_31' title="bbox 287 4039 1338 4134; baseline 0.003 -35"><span class='ocrx_word' id='word_1_212' title='bbox 287 4039 324 4099; x_wconf 88' lang='lat' dir='ltr'><strong>ab</strong></span> <span class='ocrx_word' id='word_1_213' title='bbox 336 4039 456 4100; x_wconf 83' lang='lat' dir='ltr'><strong>fortuna</strong></span> <span class='ocrx_word' id='word_1_214' title='bbox 469 4041 680 4119; x_wconf 86' lang='lat' dir='ltr'><strong>opulentiores,</strong></span> <span class='ocrx_word' id='word_1_215' title='bbox 692 4041 792 4121; x_wconf 89' lang='lat' dir='ltr'><strong>hospi</strong></span> <span class='ocrx_word' id='word_1_216' title='bbox 832 4041 879 4103; x_wconf 88' lang='lat' dir='ltr'><strong>his</strong></span> <span class='ocrx_word' id='word_1_217' title='bbox 905 4041 1103 4134; x_wconf 84' lang='lat' dir='ltr'><strong>hospitalibus</strong></span> <span class='ocrx_word' id='word_1_218' title='bbox 1136 4041 1338 4104; x_wconf 72' lang='lat' dir='ltr'><strong>libertame</strong></span> 
     </span>
     <span class='ocr_line' id='line_1_32' title="bbox 286 4117 1051 4183; baseline 0.007 -5"><span class='ocrx_word' id='word_1_219' title='bbox 286 4117 370 4178; x_wconf 91' lang='lat' dir='ltr'><strong>tibus</strong></span> <span class='ocrx_word' id='word_1_220' title='bbox 402 4119 629 4182; x_wconf 81' lang='lat' dir='ltr'><strong>advenientibus</strong></span> <span class='ocrx_word' id='word_1_221' title='bbox 662 4121 792 4181; x_wconf 87' lang='lat' dir='ltr'><strong>instrue·</strong></span> <span class='ocrx_word' id='word_1_222' title='bbox 831 4121 952 4183; x_wconf 81' lang='lat' dir='ltr'><strong>Libri</strong></span> <span class='ocrx_word' id='word_1_223' title='bbox 967 4143 1051 4183; x_wconf 83' lang='lat' dir='ltr'><strong>cro.</strong></span> 
     </span>
     <span class='ocr_line' id='line_1_33' title="bbox 285 4197 1084 4272; baseline 0.008 -14"><span class='ocrx_word' id='word_1_224' title='bbox 285 4199 360 4258; x_wconf 82' lang='lat' dir='ltr'><strong>bant</strong></span> <span class='ocrx_word' id='word_1_225' title='bbox 387 4197 526 4268; x_wconf 85' lang='lat' dir='ltr'><strong>triclinia,</strong></span> <span class='ocrx_word' id='word_1_226' title='bbox 553 4199 697 4272; x_wconf 81' lang='lat' dir='ltr'><strong>cubicula,</strong></span> <span class='ocrx_word' id='word_1_227' title='bbox 723 4219 791 4259; x_wconf 91' lang='lat' dir='ltr'><strong>cum</strong></span> <span class='ocrx_word' id='word_1_228' title='bbox 871 4200 963 4261; x_wconf 63' lang='lat' dir='ltr'><strong>‘virt</strong></span> <span class='ocrx_word' id='word_1_229' title='bbox 982 4202 1084 4264; x_wconf 83' lang='lat' dir='ltr'><strong>Ode</strong></span> 
     </span>
     <span class='ocr_line' id='line_1_34' title="bbox 285 4245 1060 4359; baseline 0.012 -23"><span class='ocrx_word' id='word_1_230' title='bbox 285 4295 366 4357; x_wconf 90' lang='lat' dir='ltr'><strong>penu</strong></span> <span class='ocrx_word' id='word_1_231' title='bbox 380 4277 478 4338; x_wconf 86' lang='lat' dir='ltr'><strong>cellas.</strong></span> <span class='ocrx_word' id='word_1_232' title='bbox 518 4245 678 4359; x_wconf 60' lang='lat' dir='ltr'><strong>’Primoque</strong></span> <span class='ocrx_word' id='word_1_233' title='bbox 692 4277 791 4338; x_wconf 81' lang='lat' dir='ltr'><strong>dicad</strong></span> <span class='ocrx_word' id='word_1_234' title='bbox 869 4281 944 4341; x_wconf 69' lang='lat'><strong>¹11.</strong></span> <span class='ocrx_word' id='word_1_235' title='bbox 960 4295 987 4342; x_wconf 88' lang='lat' dir='ltr'><strong>z.</strong></span> <span class='ocrx_word' id='word_1_236' title='bbox 1004 4309 1030 4343; x_wconf 78' lang='grc' dir='ltr'><strong>ιι</strong></span> <span class='ocrx_word' id='word_1_237' title='bbox 1022 4308 1060 4357; x_wconf 76' lang='lat'><strong>¹5·</strong></span> 
     </span>
    </p>
   </div>
   <div class='ocr_carea' id='block_1_7' title="bbox 0 0 1552 4886">
    <p class='ocr_par' dir='ltr' id='par_1_7' title="bbox 0 0 1552 4886">
     <span class='ocr_line' id='line_1_35' title="bbox 0 0 1552 4886; baseline 0 0"><span class='ocrx_word' id='word_1_238' title='bbox 0 0 1552 4886; x_wconf 95' lang='lat' dir='ltr'><strong> </strong></span> 
     </span>
    </p>
   </div>
  </div>
 </body>
</html>
