3058 4908
289 335 312 370 ·‘
446 345 664 396 Pfflraorro
688 347 966 408 acorna-sarra
1166 339 1229 404 275

159 469 280 570 Adam
303 497 456 594 Ulysses
479 508 517 571 et
541 496 637 571 inter
653 483 718 572 ⁴tot
745 501 927 573 turnultus
949 499 1141 596 pristinam
1163 499 1232 574 sibi

112 637 118 646 ’
176 615 438 690 authoritatem
454 614 717 690 vindicaturus.
772 616 976 714 Supersunt
999 618 1117 691 adhuc
1134 641 1231 689 nova

176 731 384 805 discrimina
401 741 436 804 et
454 755 581 826 graves
599 734 739 807 labores
758 734 997 808 exhauriendi
1012 765 1075 807 :—

412 958 453 970 —
466 929 540 984 ὄσσα
553 932 578 984 οἱ
591 927 655 987 αἶσα
669 933 758 1003 δόμοις
772 933 811 989 ι’νὶ
824 936 958 1002 ποιητοῖσι

335 1023 410 1095 Κὴδι’
425 1025 589 1099 ἀνασχέσθαι
598 1030 623 1090 Ἰ,
642 1050 654 1066 ³

176 1202 286 1289 atque
303 1192 342 1266 in
359 1193 416 1266 his
433 1195 691 1291 exsuperandis
710 1196 853 1294 Ulyssis
874 1196 1051 1294 sapientia
1067 1202 1104 1268 et
1113 1195 1230 1270 virtus

177 1311 432 1406 conspicienda
449 1317 515 1384 est.

232 1429 288 1498 14.
314 1425 453 1500 Fictam
470 1428 595 1524 itaque
611 1453 804 1525 personam
817 1428 994 1501 Minervae
1012 1454 1081 1525 ope
1098 1428 1229 1516 induit,

176 1553 215 1616 et
231 1543 372 1617 Eumaei
395 1547 490 1618 servi
517 1547 574 1618 sui
594 1546 673 1642 jam
690 1545 776 1618 olim
793 1545 956 1618 fidissimi
973 1548 1122 1620 domurn
1141 1547 1229 1621 adit.

177 1659 236 1734 Ibi
262 1672 298 1735 et
323 1663 478 1758 benigne
509 1661 689 1760 excipitur
706 1672 742 1735 et
770 1663 915 1736 samiliae
939 1688 1013 1737 suae
1040 1669 1175 1737 statum
1194 1671 1231 1738 et

177 1779 423 1852 conditionem
440 1780 607 1877 exquirit.
640 1780 781 1854 Interea
795 1804 881 1854 vero
900 1781 1011 1854 habes
1025 1781 1231 1855 domesticae

177 1901 215 1968 et
231 1897 389 1992 vulgaris
407 1896 493 1970 vitae
511 1921 632 1970 rerum
650 1899 842 1994 exemplar.

231 2011 287 2084 15.
315 2013 406 2086 Mox
420 2016 466 2087 ad
475 2013 733 2087 Telemachum
748 2024 783 2089 et
798 2014 955 2088 reditum
972 2015 1050 2111 ejus
1068 2039 1089 2086 a
1103 2013 1232 2111 Sparta

176 2131 309 2202 transit
325 2129 451 2219 Poeta,
470 2137 507 2204 et
528 2131 605 2228 jam
626 2133 710 2205 inde
736 2131 941 2206 communis
968 2140 1024 2204 est
1041 2132 1232 2230 utriusque

176 2245 336 2332 fortuna,
350 2247 428 2343 jam
446 2249 530 2321 inde
556 2248 594 2320 in
612 2272 728 2322 unum
746 2259 878 2322 coeunt
897 2273 977 2345 quae
1004 2250 1159 2322 antehac
1176 2274 1232 2322 re-

178 2362 345 2460 gionibus
363 2365 438 2437 suis
456 2367 579 2438 divisae
598 2372 703 2438 erant
719 2366 905 2440 Actiones

232 2483 288 2554 16.
309 2480 353 2555 In
371 2483 538 2579 proximo
555 2484 678 2580 itaque
691 2481 801 2557 Libro
819 2483 950 2555 amotis
967 2483 1105 2554 caeteris
1123 2483 1232 2556 atilio

177 2602 281 2695 pater
297 2599 521 2694 agnoscitur,
542 2607 580 2673 et
596 2599 746 2674 consilia
764 2600 873 2672 etiam
891 2598 1035 2695 Ulyssis
1054 2598 1097 2670 de
1114 2597 1232 2695 procis

175 2715 432 2788 interficiendis
463 2716 684 2812 aperiuntur.
738 2715 806 2789 Isti
835 2717 971 2788 interea
1000 2739 1044 2787 eo
1075 2715 1233 2787 audaeiae

176 2843 433 2930 prorumpunt,
461 2839 505 2905 ut
532 2833 670 2906 insidiis
699 2834 775 2907 suis
799 2829 995 2932 jam'male
1022 2833 1232 2906 cedentibus

176 2956 301 3044 aperte
317 2949 532 3022 'telemacho
550 2951 687 3023 caedem
700 2950 898 3023 destinent.

231 3067 289 3156 17,
309 3069 365 3140 18.
384 3067 475 3140 Mox
487 3069 617 3140 urbem
631 3075 666 3140 et
681 3068 831 3141 domum
843 3091 947 3140 suam
961 3067 1053 3163 petit
1065 3054 1230 3164 Ulysses

176 3187 213 3256 et
232 3184 358 3257 fictam
383 3183 504 3258 adhuc
529 3209 723 3282 personam
747 3209 874 3279 gerens
899 3209 1092 3280 procorum
1116 3184 1233 3280 epulis

176 3299 340 3387 interest,
381 3301 480 3373 videt
524 3311 634 3398 atque
675 3302 778 3374 audit
820 3303 1066 3374 tumultuosas
1106 3325 1233 3373 eorum

175 3417 462 3506 comissationes
495 3419 602 3492 etin
633 3442 700 3492 sua
729 3417 839 3491 etiam
870 3419 980 3489 domo
1010 3429 1048 3490 et
1077 3441 1099 3490 a
1129 3442 1232 3491 servo

176 3533 287 3608 etiam
305 3559 372 3608 suo
390 3534 620 3608 contumeliis
644 3540 681 3607 et
699 3535 906 3608 verberibus
925 3532 1105 3631 excipitur
1123 3541 1234 3631 atque

175 3650 257 3724 haec
274 3651 366 3725 duos
384 3652 494 3725 libros
512 3653 706 3748 complent.

233 3771 291 3855 19,
311 3769 371 3840 20.
424 3768 559 3842 Adhuc
582 3775 706 3841 tamen
732 3766 903 3840 indubio
926 3791 983 3840 res
1001 3767 1126 3852 haeret,
1145 3765 1233 3837 dum

176 3886 320 3983 singula
333 3885 486 3984 Ulysses
503 3887 634 3959 lustrat
652 3893 689 3958 et
707 3909 819 3958 novas
837 3883 1069 3958 inimicorum
1083 3882 1232 3980 injurias

174 4002 286 4076 tacite
304 4003 384 4092 fert,
400 4028 473 4100 quo
490 4001 633 4077 certiori
651 4001 762 4075 exitio
780 4026 842 4076 eos
860 4001 1054 4099 opprimat.
1091 3999 1234 4072 Perstat

174 4120 313 4193 interea
339 4118 480 4194 consilii
508 4119 565 4193 sui
592 4119 876 4216 haudquaquam
902 4121 1096 4192 immemor
1122 4125 1166 4189 ut
1196 4123 1235 4188 et

570 4375 581 4408 ⁹
605 4367 706 4444 Odysr.
723 4379 756 4424 N.
773 4365 837 4439 306.

673 4487 695 4533 r
712 4465 735 4534 2
