3058 4902
291 337 355 400 356
543 345 756 395 Pancacrro
785 341 1096 394 morsura-rarus.

292 521 359 570 nec
388 519 475 568 vero
505 495 679 568 desinunt
706 495 820 567 vitam
850 495 1047 566 humanam
1076 518 1160 566 vere
1188 494 1347 572 imitari:

293 619 447 709 possunt
465 613 561 682 enim
580 635 740 708 personae
763 612 876 683 istum
899 611 935 680 in
954 610 1103 682 modum
1119 612 1165 683 ad
1182 613 1350 687 eminen-

293 730 422 803 tiorem
443 729 586 802 virtutis
603 730 755 824 gradum
772 730 889 802 attolli
907 730 1007 801 salva
1026 729 1235 804 imitationis
1253 733 1351 804 veri-

293 855 369 919 tate
394 859 430 918 et
457 847 539 932 fide,
565 849 664 919 salva
688 845 894 920 istiusmodi
918 845 1006 918 artis
1033 870 1159 918 norma
1176 872 1257 943 quae
1283 873 1350 920 nn·

294 971 386 1035 turre
408 986 595 1058 nunquam
619 988 657 1036 se
681 989 726 1036 ex
753 965 904 1036 adverso
925 964 1090 1059 opponit.
1142 963 1242 1036 Talis
1268 965 1351 1038 imi·

296 1081 442 1152 ttionis
476 1081 693 1177 principium
721 1089 759 1154 et
793 1083 851 1154 lex
886 1105 971 1154 cum
1000 1081 1154 1153 artificio
1180 1081 1218 1154 in
1248 1083 1351 1155 omni

295 1199 451 1269 dictione
479 1199 684 1292 frequenter
708 1207 885 1295 usurpato
909 1222 1056 1293 prorsus
1081 1199 1274 1285 consentit,
1292 1213 1351 1272 at-

296 1338 366 1410 que
383 1313 512 1386 exinde
531 1314 682 1386 derivari
702 1319 835 1410 potest.
884 1314 966 1388 Hoc
983 1313 1177 1388 artificium
1194 1317 1232 1388 in
1249 1316 1350 1389 Rbe-

294 1432 416 1504 toricis
439 1433 620 1524 eleganter
643 1433 789 1528 attingit
813 1432 1039 1504 Aristoteles.
1093 1433 1188 1504 Fieri
1212 1440 1350 1529 potest,

294 1547 422 1645 inquit,
444 1559 485 1620 ut
504 1548 548 1618 de
574 1549 699 1620 eadem
717 1573 754 1620 re
773 1549 916 1620 dnobus
942 1550 1132 1620 contrariis
1157 1550 1276 1621 modis
1294 1551 1350 1620 lo·

296 1686 679 1774 quantur-quatenus
706 1679 860 1775 pulchra
885 1678 944 1763 sit,
972 1660 996 1772 ᾗ
1023 1667 1153 1764 καλὸν,
1176 1678 1233 1750 vel
1259 1703 1350 1775 qua-

296 1819 403 1881 tenus
427 1809 555 1905 turpis,
586 1790 608 1902 ᾗ
637 1795 901 1900 αἰσχρὸν-ᾔει
924 1832 968 1879 ex
991 1830 1093 1878 mero
1119 1831 1286 1881 sermone
1311 1811 1350 1882 in

299 1935 488 2021 utramque
512 1925 918 2020 pur·te1n,atqneetiam
944 1924 1055 2018 magis
1078 1933 1144 1996 aut
1168 1926 1290 1998 minus
1311 1927 1351 2000 in

297 2049 488 2136 utramque
511 2055 650 2136 partem
670 2041 781 2134 accipi
805 2049 938 2137 potest.
993 2040 1133 2111 Etenim
1154 2067 1217 2136 per
1235 2051 1351 2115 totam

298 2165 462 2229 naturam
485 2159 657 2252 permista
683 2167 770 2228 sunt
795 2157 927 2243 omnia,
950 2157 1100 2253 pulchra
1123 2183 1207 2229 cum
1231 2161 1351 2254 turpi-

297 2276 377 2359 buS,
399 2273 590 2376 inhonesta
611 2299 695 2346 cum
724 2275 884 2346 honestis
905 2275 1171 2360 consociantur,
1195 2276 1285 2347 adeo
1308 2283 1353 2346 ut

297 2417 413 2489 neque
435 2393 472 2464 in
491 2417 612 2464 rerum
636 2399 765 2464 natura
786 2416 903 2488 neque
919 2391 957 2463 in
975 2392 1164 2464 hominum
1184 2393 1350 2487 personis

297 2512 490 2606 quicquam
512 2510 559 2582 sit
583 2510 748 2582 absolute
770 2510 910 2581 bonum
931 2511 988 2582 vei
1007 2510 1172 2592 absolute
1197 2511 1349 2583 malum.

298 2627 402 2699 Bona
419 2630 475 2699 vel
494 2627 645 2723 pulchra
663 2649 837 2698 vocamus
857 2631 968 2723 prout
988 2625 1078 2697 illud
1096 2628 1192 2721 quod
1209 2627 1352 2700 bonum

298 2753 359 2816 aut
384 2744 579 2839 pulchrum
600 2743 694 2813 inse
711 2743 868 2814 habeant
885 2742 1116 2838 praepolleat:
1146 2741 1222 2839 pari
1241 2744 1353 2815 modo

298 2861 527 2932 aestimantur
550 2884 593 2932 ea
616 2883 695 2956 quae
714 2859 908 2932 inhonesta
924 2860 982 2930 vel
1004 2859 1124 2954 turpia
1140 2866 1248 2931 sunt:
1274 2859 1353 2955 dig·

298 2979 401 3049 niora
419 2985 506 3048 sunt
523 2977 629 3048 laude
643 2977 701 3049 vel
715 2976 980 3072 vituperatione
997 2977 1094 3048 mille
1109 2975 1224 3048 modis
1241 2985 1354 3073 prout

299 3093 369 3166 hoc
388 3107 450 3166 aut
468 3094 557 3166 illud
576 3120 650 3191 prae
667 3081 847 3166 contrario
866 3117 933 3166 suo
947 3094 1151 3167 dominetur
1167 3101 1203 3167 et
1220 3097 1353 3168 merito

299 3235 442 3283 summa
464 3235 548 3283 cnm
569 3211 676 3283 laude
697 3221 733 3283 et
756 3211 996 3283 admiratione
1020 3211 1251 3307 excipiuntur
1269 3233 1353 3306 quaa

299 3327 440 3422 magnis
458 3334 496 3396 ct
513 3325 644 3397 divinis
662 3325 767 3397 bonis
785 3325 1029 3421 pauxillulum
1052 3327 1138 3397 mali
1155 3325 1351 3398 redimunt.

300 3441 445 3514 Interea
471 3465 581 3538 penes
609 3453 775 3514 nostrum
802 3441 992 3514 arbitrium
1013 3452 1070 3515 est
1095 3466 1171 3514 rem
1189 3442 1247 3513 vel
1273 3467 1352 3537 per-

300 3569 427 3631 sonam
450 3558 502 3630 ita
527 3557 761 3631 describendo
781 3565 1040 3655 repraesentare
1062 3568 1105 3630 ut
1125 3559 1164 3630 in
1185 3581 1227 3630 ea
1249 3567 1355 3654 parte

301 3700 380 3772 quae
406 3677 503 3749 bona
537 3685 573 3747 et
605 3675 757 3770 pulchra
783 3684 840 3747 est
869 3675 926 3746 vel
960 3673 1083 3770 potius
1111 3675 1170 3746 vel
1203 3674 1355 3747 omnino

301 3817 581 3877 commoremur,
614 3793 711 3864 unde
746 3791 952 3888 speciosum
987 3800 1023 3864 et
1059 3803 1257 3864 venustum
1289 3815 1355 3864 ex-

301 3911 440 4005 emplar
465 3909 686 3996 hauriamus,
716 3908 773 3981 vel
799 3909 837 3980 in
859 3931 902 3979 ea
924 3918 1028 4003 parte
1053 3931 1134 4004 quae
1157 3906 1274 4004 turpis
1298 3915 1356 3980 cst

302 4034 339 4099 et
362 4026 544 4114 deformis
569 4025 667 4098 unde
693 4027 751 4097 vei
778 4047 930 4122 poeseos
951 4026 1099 4097 satiram
1125 4026 1185 4097 vel
1207 4025 1356 4121 pictura

301 4151 496 4247 imaginem
514 4149 551 4223 in
571 4153 674 4247 pejus
692 4151 870 4224 detortam
888 4149 1143 4224 conficiamus:
1170 4151 1273 4224 facile
1289 4175 1355 4224 au-

301 4277 378 4340 tem
412 4278 469 4342 est
502 4271 561 4341 vei
596 4267 743 4341 laudem
779 4269 836 4341 vel
872 4269 1022 4341 satiram
1057 4269 1109 4340 ita
1151 4280 1353 4366 temperare

302 4385 554 4477 permiscendo
571 4385 704 4480 aliquid
723 4411 767 4457 ex
786 4385 965 4458 contraria
981 4393 1082 4482 parte
1100 4393 1142 4460 ut
1159 4387 1230 4459 fide
1247 4387 1357 4483 digna
