3058 4902
479 2 495 15 Υ

471 24 485 59 ‚³

425 63 466 137 ῤ’

418 128 431 163 ir

401 176 413 195 ,a

451 341 665 390 ramuncrm
686 340 1010 390 onerari-surmus
1198 326 1261 390 285

187 499 289 564 ‘tum
318 491 532 564 instructam
560 492 674 564 aciem
698 489 826 564 lectori
851 501 936 563 ante
961 489 1085 562 oculos
1105 490 1258 577 sisteret,

208 625 319 715 atque
342 621 438 692 hane
460 625 555 693 certe
577 607 789 713 παράταξιν
815 643 888 692 non
911 620 1014 691 aliter
1036 625 1133 691 recte
1155 618 1262 690 intel-

208 736 354 830 ligimus
371 761 481 833 quam
499 761 582 808 cum
601 737 825 830 singulorum
848 737 1067 832 populorum
1084 735 1205 832 copias
1223 745 1260 808 et

209 876 401 926 numerum
419 851 668 949 perspicimus,
711 852 769 924 lta
785 877 830 925 ex
848 853 1053 948 promiscua
1070 850 1260 924 hominum

209 969 317 1041 turba
341 968 504 1042 ordinata
529 968 622 1041 acies
645 969 777 1066 prodit.
834 967 965 1066 Neque
992 968 1095 1041 aliter
1117 967 1258 1042 censuit

210 1084 382 1158 Historiae
408 1091 511 1180 pater
535 1085 753 1170 Herodotus
780 1084 903 1180 quiet
929 1087 1016 1181 ipse,
1042 1084 1257 1157 recensionis

210 1202 389 1274 exercitus
406 1201 579 1274 Xerxiaui
605 1203 701 1297 apud
727 1201 919 1275 Doriscum
945 1203 1129 1274 mentione
1155 1202 1261 1290 sacta,

209 1318 288 1414 pari
306 1318 505 1392 recensioni
530 1320 569 1390 in
587 1319 790 1392 narratione
809 1343 874 1392 sua
900 1343 938 1392 se
965 1319 1118 1414 accingit
1135 1330 1171 1391 et
1189 1318 1262 1390 sin-

210 1435 377 1532 gulorum
415 1459 608 1508 numerum
642 1437 797 1533 patriam
832 1447 867 1508 et
905 1445 1124 1538 armaturam
1159 1435 1263 1532 quasi
1373 1511 1383 1532 ,

210 1553 325 1648 digito
361 1553 597 1626 demonstrat.
651 1551 754 1635 Quin
787 1558 825 1625 et
859 1552 991 1648 singuli
1029 1576 1192 1648 proceres
1225 1558 1263 1624 et

213 1669 340 1742 heroes
366 1670 410 1740 ad
437 1671 616 1764 agendum
642 1695 728 1742 mox
754 1669 930 1764 prodituri
957 1677 1054 1755 sunt,
1083 1675 1193 1766 atque
1218 1694 1263 1742 ex

212 1785 284 1859 hoc
301 1785 481 1882 Catalogo
496 1793 533 1858 et
558 1811 685 1859 eorum
702 1786 855 1883 patriam
872 1798 910 1859 et
936 1787 1085 1882 stirpem
1103 1793 1140 1859 et
1157 1786 1263 1859 ditio-

211 1926 296 1974 nem
313 1908 351 1974 et
377 1927 570 1975 numerum
596 1904 783 2000 copiarum
802 1927 890 2000 quas
915 1903 953 1974 in
980 1904 1114 1975 bellum
1132 1903 1263 1976 eduxe-

210 2025 298 2092 runt
315 2043 389 2091 uno
412 2025 450 2090 et
476 2019 570 2091 facili
597 2019 733 2092 intuitu
759 2021 1031 2116 perlustramus.
1084 2019 1141 2093 Ita
1167 2032 1264 2094 certe

209 2136 279 2209 toti
308 2136 468 2233 poemati
494 2136 710 2209 illustrando
738 2137 886 2210 inservit
912 2137 1125 2233 Episodium
1152 2137 1263 2212 hocce

210 2259 319 2348 atque
343 2253 381 2327 in
408 2255 624 2350 perlegenda
650 2254 760 2327 Iliade
790 2261 966 2351 perpetuo
993 2261 1048 2326 est
1073 2254 1147 2326 fere
1175 2255 1263 2327 sub-

210 2369 312 2441 sidio.
366 2369 409 2442 lu
427 2369 518 2443 illud
537 2383 660 2443 autem
679 2370 775 2443 sacili
793 2383 830 2444 et
855 2370 1009 2465 eleganti
1027 2370 1183 2443 transitu
1201 2373 1262 2443 de-

210 2487 344 2560 labitur
373 2494 490 2584 posta,
520 2498 556 2562 et
590 2489 669 2585 pari
702 2513 787 2562 cum
818 2488 988 2562 facilitate
1021 2487 1264 2562 intermissam

210 2603 397 2678 historiam
432 2607 573 2701 repetit.
625 2605 772 2678 Etenim
801 2604 1007 2678 recensione
1040 2604 1136 2676 facta
1164 2629 1264 2678 exer·

209 2723 303 2796 citus
328 2726 533 2820 proximum
558 2735 613 2798 est
639 2726 677 2797 in
695 2725 858 2821 ejusdem
875 2749 931 2796 res
957 2733 1075 2818 gestas
1099 2723 1264 2799 animum

208 2847 427 2913 convertere.
482 2841 560 2914 Nec
577 2866 662 2914 vero
681 2841 771 2914 nibil
795 2840 925 2914 eratin
943 2839 1021 2912 istis
1039 2841 1263 2936 temporibus

208 2956 300 3029 illud
325 2966 556 3054 perspectum
583 2957 714 3032 habere
738 2961 836 3056 quod
863 2960 900 3030 in
925 2958 1032 3052 longe
1058 2956 1264 3030 recentiori·

209 3074 279 3146 bus
306 3098 380 3146 non
408 3076 578 3148 viderunt
607 3075 764 3171 plurimi,
796 3075 995 3171 simplicem
1023 3073 1073 3146 rei
1102 3072 1263 3171 Geogra-

209 3191 325 3286 phicae
342 3191 607 3290 expositionem
620 3193 808 3266 Poeticum
821 3195 985 3291 habitum
1000 3218 1073 3266 uon
1086 3219 1262 3284 recusare,

211 3305 320 3379 etiam
338 3322 461 3382 amoto
479 3309 578 3382 omni
595 3310 679 3383 suco
697 3317 734 3382 et
751 3311 949 3384 ambitiosis
967 3312 1199 3384 ornamentis.

263 3423 307 3496 In
342 3425 448 3499 tertio
482 3427 591 3500 Libro
622 3427 755 3500 iterum
791 3453 963 3500 excursus
998 3430 1121 3500 lo'cum
1155 3427 1265 3501 habet

210 3543 343 3616 Priami
371 3568 456 3616 cum
484 3545 624 3617 Helena
651 3545 885 3642 colloquium,
912 3545 971 3616 vix
997 3555 1117 3617 tamen
1139 3569 1161 3616 a
1183 3570 1264 3640 pro-

210 3659 329 3756 posito
347 3660 487 3733 aberrat
499 3660 612 3733 Poeta
629 3661 689 3734 ubi
707 3661 745 3732 in
763 3662 990 3734 recensendis
1009 3661 1169 3756 personis
1189 3663 1264 3735 suis

210 3787 246 3850 et
282 3801 408 3850 eorum
440 3778 599 3849 moribus
628 3777 855 3872 designandis
885 3784 1057 3849 versatur.
1112 3777 1264 3851 Summo

211 3895 357 3991 quidem
375 3919 460 3966 cum
483 3893 633 3968 artificio
660 3894 729 3966 sub
755 3895 872 3967 aliena
898 3918 1051 3991 persona
1077 3894 1169 3966 hanc
1187 3920 1263 3970 rem

209 4017 355 4098 tractat,
385 4008 437 4082 ita
471 4021 512 4083 ut
540 4010 704 4084 Priamus
735 4016 772 4082 et
802 4010 944 4082 Helena
973 4011 1011 4082 in
1041 4008 1264 4106 explicandis

210 4128 365 4200 aliorum
392 4127 551 4200 moribus
578 4151 663 4200 suos
690 4151 764 4199 non
786 4129 936 4200 obscure
963 4127 1127 4224 prodant.
1183 4125 1265 4201 Hoc

211 4268 298 4317 vero
315 4250 372 4317 est
389 4245 478 4317 illud
494 4243 591 4340 quod
608 4244 646 4315 in
659 4241 860 4316 sublimiori
878 4243 977 4339 poesi
996 4251 1139 4315 tantum
1153 4244 1264 4331 valet,

211 4362 257 4434 ad
271 4367 449 4436 moratam
461 4361 639 4436 actionem
654 4369 691 4435 et
704 4360 953 4434 Dramatioum
968 4361 1137 4456 loquendi
1151 4383 1266 4455 genus
