3094 4898
560 363 775 412 enarrarre
795 363 906 412 rora,
1202 356 1265 418 149

208 517 415 591 observasse
441 517 671 591 tradunturl.
713 516 979 591 Mercatoribus
1006 516 1118 614 igitur
1140 517 1264 592 Arith-

207 635 388 722 meticam,
417 633 623 731 pastoribus
648 646 685 709 et
712 635 833 708 nautis
859 633 1130 708 Astronomiam
1157 636 1264 708 debe-

207 777 301 839 mus,
330 754 420 825 adeo
447 754 545 825 lente
576 776 620 825 ex
648 777 732 840 usu,
762 761 870 850 prout
901 753 1032 849 cuique
1063 777 1151 826 suus
1179 753 1265 826 vitae

208 877 327 943 status
367 870 595 943 occasionem
629 870 740 956 dedit,
765 871 905 943 barum
938 894 1060 942 rerum
1095 870 1264 944 notitiam

207 987 407 1082 attigerunt
424 986 600 1060 homines.

256 1103 313 1176 Ex
339 1103 395 1176 his
422 1103 533 1201 igitur
558 1104 868 1203 antiquiorisaevi
893 1105 1049 1180 inventis
1075 1105 1265 1178 conflanda

206 1227 285 1294 erat
302 1220 511 1324 Graecorum
530 1220 697 1295 doctrina
719 1233 756 1295 et
774 1221 1024 1320 Philosophia.
1077 1221 1159 1296 Nec
1176 1246 1263 1295 vero

206 1337 284 1411 haec
298 1339 421 1411 omnia
437 1339 563 1411 statim
576 1337 613 1410 in
628 1346 801 1436 promptu
815 1349 942 1426 erant;
962 1339 1146 1412 nonenim
1162 1337 1265 1440 facile

205 1454 230 1528 ii
259 1455 321 1552 qui
345 1480 469 1528 rerum
494 1479 672 1528 novarum
704 1455 825 1528 studio
854 1464 919 1530 aut
948 1457 1091 1529 errandi
1116 1455 1265 1528 libidine

206 1580 310 1644 extra
343 1572 470 1669 patriae
505 1571 596 1644 fines
626 1573 769 1667 evagati
800 1583 899 1660 sunt,
932 1597 1079 1646 omnem
1114 1595 1264 1646 suorum

206 1698 415 1795 temporum
445 1688 646 1762 doctrinam
674 1714 800 1763 secum
827 1690 1021 1763 transferre
1051 1700 1263 1786 potuerunt.

207 1806 319 1880 Parce
353 1820 390 1880 et
426 1831 471 1880 ex
506 1807 700 1880 intervallo
735 1807 938 1903 colligenda
970 1819 1076 1881 erant
1110 1808 1264 1904 singula,

206 1934 317 2019 prout
351 1925 464 2020 magis
499 1924 679 2021 frequenti
712 1925 930 1998 commercio
965 1925 1010 1996 ab
1042 1925 1193 1996 Oriente
1227 1924 1264 1996 in

207 2040 386 2115 Graeciam
405 2043 597 2115 transitum
616 2050 670 2124 est
686 2074 695 2130 ;
723 2048 945 2115 tumentem
970 2042 1007 2113 in
1026 2041 1106 2138 ipsa
1124 2039 1265 2114 Graeoia

206 2158 286 2232 haec
311 2159 458 2234 iuventa
485 2159 638 2256 sparsim
665 2160 870 2234 consedisse
888 2159 1055 2232 credibile
1076 2169 1160 2245 ¹est;
1187 2159 1265 2233 aliae

206 2277 304 2348 enim
332 2277 421 2350 alias
456 2279 619 2373 regiones
651 2284 926 2373 occupaverunt
956 2275 1119 2364 coloniae,
1148 2302 1265 2374 neque
1303 2339 1315 2350 .

205 2394 335 2467 eodem
366 2404 529 2490 tempore
564 2417 691 2468 omnes
727 2385 939 2467 transvecta
970 2406 1068 2478 sunt,
1100 2406 1137 2467 et
1172 2393 1267 2467 inter

206 2511 305 2607 ipsos
335 2509 482 2586 Graecos
507 2513 564 2584 vel
595 2513 769 2606 exiguum
803 2513 861 2584 vel
891 2512 1034 2584 nullum
1074 2522 1151 2584 erat
1181 2517 1266 2585 ante

206 2626 440 2702 Homericam
468 2635 612 2702 aetatem
643 2628 903 2702 commercium
930 2628 1027 2699 unde
1057 2627 1265 2701 Homerum

207 2743 328 2840 ipsum
359 2769 405 2818 ex
428 2745 595 2842 AEgypto
618 2746 747 2818 harum
773 2769 894 2818 rerum
926 2743 1090 2816 notitiam
1119 2743 1265 2840 petiisse

207 2862 304 2934 fama
326 2870 382 2934 est
392 2858 410 2934 ί.
462 2862 567 2935 Adeo
590 2862 711 2936 tenuis
735 2873 810 2935 erat
837 2871 874 2934 et
896 2885 1025 2956 parum
1050 2861 1265 2934 confirmata

206 2979 363 3052 istorum
381 2989 590 3076 temporum
607 2980 769 3053 scientia.
1132 2983 1135 2990 ’

258 3099 330 3174 Sed
348 3112 390 3175 ut
408 3103 506 3174 soleo
531 3101 576 3174 ad
593 3100 744 3173 Poetam
770 3100 889 3198 ipsum
908 3101 1015 3173 redeo
1034 3100 1139 3195 cujus
1157 3101 1266 3173 verba

206 3218 237 3290 si
266 3242 352 3290 oum
382 3227 596 3291 caeterorum
630 3218 827 3291 authorum
859 3216 1072 3291 testimoniis
1103 3217 1263 3290 confera-

206 3361 288 3410 mus
306 3359 380 3409 non
398 3335 467 3408 erit
485 3334 637 3409 difficilis
655 3335 691 3408 in
710 3336 777 3408 hao
795 3347 843 3407 re'
850 3335 1068 3430 conjectura.

258 3453 479 3528 Geometriae
501 3454 613 3549 igitur
639 3479 683 3526 ne
705 3453 899 3550 vestigium
926 3454 1072 3550 quidem
1098 3454 1262 3549 reperi03

206 3594 287 3665 quae
317 3571 347 3644 si
377 3571 416 3644 in
440 3571 606 3668 AEgypto
636 3571 785 3643 inventa
812 3570 932 3657 fuerit,
958 3572 989 3642 si
1016 3570 1054 3642 in
1084 3568 1263 3646 Graeciam

206 3695 422 3774 transvecta,
455 3688 645 3760 recentiori
681 3698 802 3760 tamen
836 3695 944 3759 aetate
979 3685 1263 3758 concinnitatem

206 3828 309 3877 suam
329 3803 600 3900 et‘elegantiam
619 3811 783 3876 assecuta
800 3813 866 3888 est,
887 3809 925 3874 et
948 3801 984 3874 in
1005 3812 1142 3874 tantam
1169 3825 1264 3896 mag·

206 3921 410 3994 nitudinem
427 3922 594 3995 accrevit.
648 3919 887 3994 Mensurandi
912 3927 1026 3992 artem
1046 3919 1189 4015 populo·
1202 3919 1265 4015 qui

206 4037 244 4109 in
279 4037 379 4138 civili
414 4039 487 4111 vita
522 4062 595 4110 non
631 4038 828 4110 mediocres
868 4060 1080 4132 progressus
1118 4039 1261 4124 lecerat,

206 4155 311 4228 facile
340 4156 509 4228 concedo
566 4153 782 4228 Geometriao
818 4152 1002 4226 scientiam
1037 4153 1264 4250 philosophis

328 4311 339 4342 *¹
361 4313 484 4382 Herod,
495 4312 513 4370 l.
529 4309 557 4369 ii.
570 4333 595 4371 e.
614 4332 684 4387 ¹09³
708 4312 796 4370 Diod.
814 4311 886 4377 stc..
901 4309 920 4369 l.
937 4311 967 4370 ii.
983 4331 1009 4371 o.
1027 4330 1072 4389 29,
1090 4313 1142 4371 dm.

328 4399 333 4422 ¹
357 4389 445 4449 Diod.
462 4394 531 4460 Sic,
549 4392 566 4448 Ι.
585 4393 602 4450 i.
619 4411 644 4450 e.
661 4393 709 4468 96.
