3094 4898
555 306 765 355 PRAELEC'TIO
791 307 875 354 OCTA
885 307 937 354 VA.

377 460 412 517 ‘ll
427 461 455 516 δέ
469 458 598 531 μελαίνετ’
614 460 733 530 ὄπισθεν,
750 459 892 533 ἀρηρομένῃ
907 461 935 515 δέ
950 459 1023 536 ἐῴκει

378 559 493 632 Χρυσείη
504 581 554 631 περ
569 560 658 614 ἐοῦσα·
678 559 709 612 τὸ
723 557 754 628 δὴ
766 560 826 630 περὶ
840 557 924 627 θαῦμα
937 557 1053 614 τέτυκτο·

379 653 461 710 Ἔνθ’
477 654 555 709 ἐτίθει
569 657 726 726 σταφυλῇσι
738 655 804 726 μίγα
818 652 965 726 βρίθουσαν
977 654 1065 724 α’λιοὴυ

380 751 470 821 Καλὴν
482 751 617 823 χρυσείην·
637 753 749 822 με’λανει
762 749 786 804 δ’
800 750 848 804 ἀνὰ
860 753 970 823 βότρυες
983 748 1059 819 ἦσαν·

222 874 284 948 sed
303 875 401 972 quod
417 874 619 949 maximum
637 881 704 963 est,
724 874 815 948 illud
834 899 978 972 quoque
995 875 1152 962 assecuti
1174 884 1273 963 sunt,

221 997 263 1064 ut
290 1015 420 1092 ptores,
446 992 610 1078 affectus,
635 999 671 1064 et
698 1015 755 1064 res
780 997 901 1086 gestas
927 991 1123 1067 hominum
1146 993 1274 1065 adum-

221 1109 375 1183 brarent.
428 1109 565 1183 Totum
583 1109 656 1182 fere
673 1110 757 1182 vitae
775 1109 943 1182 humanae
961 1109 1140 1183 ambitum
1157 1109 1195 1181 in
1215 1110 1277 1182 illa

222 1227 315 1300 scuti
334 1227 575 1323 descriptione
592 1227 789 1322 perlustrat
802 1226 936 1312 Poeta;
956 1226 1041 1300 hinc
1058 1229 1141 1301 vitae
1160 1228 1276 1300 civilis

222 1343 315 1417 ratio
345 1351 382 1417 et
407 1343 556 1441 judicia,
585 1345 669 1416 hinc
699 1343 784 1416 belli
810 1345 991 1417 tumultus
1018 1345 1274 1441 depinguntur,

223 1462 309 1558 quin
329 1473 365 1534 et
383 1463 534 1556 agrestis
553 1462 635 1534 vitae
654 1463 807 1548 labores,
827 1471 865 1534 et
882 1462 1044 1558 ejusdem
1063 1462 1137 1534 otia
1155 1466 1192 1533 et
1215 1463 1277 1533 ob-

222 1579 450 1665 lectamenta,
478 1579 530 1651 ita
559 1585 603 1650 ut
629 1579 706 1674 jum
736 1583 817 1650 tum
844 1577 934 1650 nihil
960 1577 1034 1650 fere
1059 1577 1278 1651 recusaverit

223 1717 280 1767 ars
297 1694 417 1768 haecce
435 1719 553 1791 neque
570 1693 684 1766 cuivis
709 1692 905 1766 imitationi
925 1693 1042 1790 impar
1064 1706 1160 1767 esset
1174 1725 1198 1781 ;·
1212 1717 1278 1766 nec

223 1835 309 1884 vero
326 1813 405 1885 haec
421 1810 534 1885 Poeta
550 1812 628 1906 ipse
646 1810 769 1884 animo
793 1810 997 1906 excogitare
1022 1817 1059 1883 et
1082 1811 1278 1907 praecipere
1368 1867 1372 1873 -

223 1928 362 2024 potuit3
391 1929 581 2001 nonenim
600 1953 643 2001 eo
661 1951 778 2025 usque
795 1928 961 2001 evehitur
980 1952 1082 2001 mens
1104 1929 1277 2016 humana,

223 2049 268 2116 ut
293 2051 408 2117 artem
434 2045 600 2119 nondum
625 2044 814 2116 inventam
841 2046 952 2117 semel
978 2053 1016 2118 et
1039 2070 1114 2118 uno
1140 2045 1279 2119 iutuitu
1321 2125 1330 2136 ,

223 2162 498 2266 complectatur,
522 2187 639 2259 neque
666 2162 805 2234 semina
831 2163 898 2235 sub
924 2165 1030 2236 terris
1057 2163 1179 2236 abdita
1204 2187 1278 2236 uno

222 2277 363 2375 impetu
387 2285 424 2352 et
447 2280 529 2353 nisu
554 2280 599 2352 ad
623 2280 784 2353 fructum
808 2261 1021 2376 exsurgunt,
1048 2305 1164 2377 neque
1189 2280 1279 2353 illud

224 2397 373 2486 solenne
392 2393 554 2468 Homero
571 2402 628 2469 est
645 2407 749 2469 extra
766 2419 917 2468 suorum
942 2407 1146 2494 temporum
1165 2397 1279 2469 vitam
1331 2473 1338 2480 ,

223 2522 261 2584 et
275 2511 414 2584 fabulas
427 2513 645 2607 cogitatione
660 2511 822 2608 evagari;
850 2512 914 2584 sed
932 2519 1131 2610 utcumque
1150 2537 1280 2608 magna
1366 2609 1371 2616 ι

223 2628 302 2700 haec
327 2629 413 2716 sint,
441 2652 516 2700 non
542 2629 657 2702 defuit
683 2635 806 2702 tamen
836 2631 1019 2726 exemplar
1048 2630 1146 2702 unde
1176 2631 1279 2706 desu-

224 2755 420 2818 merentur.
472 2743 615 2818 Possim
649 2745 801 2818 eandem
837 2769 914 2818 rem
945 2745 1145 2819 minoribus
1175 2769 1279 2840 argu-

224 2863 357 2936 mentis
381 2861 604 2950 confirmare‚
625 2887 670 2936 ex
694 2863 925 2937 metallorum
948 2864 1044 2956 inter
1061 2887 1099 2936 se
1121 2863 1280 2937 mixtura

225 2989 262 3052 et
279 2979 591 3075 conglutinatione
601 2976 622 3068 ¹,
638 3003 683 3052 ex
701 3005 769 3054 usu
784 2971 951 3054 colorum
965 2986 1115 3054 ornatus
1129 2978 1278 3078 gratiak,

226 3121 271 3168 ex
288 3095 358 3168 illis
374 3095 486 3168 etiam
504 3097 698 3170 mulierum
717 3097 796 3170 telis
815 3121 882 3171 acu
905 3097 1025 3194 pictis,
1044 3099 1178 3172 etenim
1201 3100 1281 3196 ipsa

225 3211 372 3308 Trojani
390 3211 475 3286 belli
494 3213 617 3309 praelia
634 3238 702 3287 acu
720 3215 891 3311 pingebat
910 3211 1069 3288 Helena¹
1083 3247 1144 3288 :-

623 3367 721 3423 πολέαι
735 3364 759 3422 δ’
775 3367 920 3423 ἐνέπασσεν
933 3367 1043 3424 ἇέθλουι

322 3509 328 3516 .
386 3463 482 3533 Τρώιον
495 3461 519 3517 θ
534 3463 695 3533 ἱπποδάμων,
711 3464 752 3518 καὶ
766 3462 879 3534 Ἀχαιῶν
892 3465 1101 3534 χαλκοχιτώνων·

227 3621 265 3684 et
281 3611 539 3685 Andromache
550 3619 572 3649 ¹²¹
585 3642 646 3685 :—

546 3765 573 3818 ἐν
587 3765 615 3819 δέ
630 3764 709 3836 θρόνα
722 3761 824 3820 ποικίλ’
839 3765 951 3820 ἔπασσε.

230 3887 319 3961 Haec
339 3887 435 3961 enim
459 3890 581 3963 omnia
604 3891 732 3963 saltem
757 3891 907 3988 picturae
930 3889 1134 3962 rudimenta
1158 3893 1281 3987 appel-

228 4009 303 4080 lare
320 4005 374 4078 sas
391 4006 451 4078 sit.

273 4161 279 4194 r
300 4163 392 4222 12¹2·
408 4184 466 4237 474,
815 4171 833 4196 ⁰
855 4161 1020 4237 Il.x.44r.
1053 4161 1286 4248 AddasUlyssis

269 4251 282 4360 Ιι
298 4243 347 4383 χι.
357 4257 479 4383 χχχιχ
492 4244 544 4316 ὡς.
777 4241 922 4314 Fibulum‚
942 4243 994 4300 Od.
1011 4256 1039 4302 Τ.
1059 4245 1126 4321 226,
1141 4247 1194 4306 Sto.
