3096 4886
537 254 749 306 Pltfflltorlo
771 254 946 303 securus.
1224 231 1263 294 21

211 401 476 477 consuetudine
489 401 732 489 deflexerant;
758 424 965 499 quanquam
980 398 1018 471 in
1029 397 1167 473 artibus
1185 399 1265 496 qui-

211 519 366 594 busdam
395 519 479 593 miri
512 543 725 616 progressus
755 541 834 592 esse
868 516 1084 615 potuissent.
1136 515 1266 589 Facilis

212 643 337 708 autem
358 632 523 709 Homero
544 635 635 710 vitio
655 641 863 732 temporum
884 633 995 707 etiam
1022 643 1105 731 post
1130 657 1267 729 paucos

212 774 327 826 annos
354 751 598 848 amplificatio.
652 752 811 826 Centum
836 750 947 848 igitur
969 773 1083 824 annos
1109 749 1269 846 aTrojae

214 868 352 942 excidio
368 869 490 965 ipsum
507 867 659 942 Poetam
683 868 816 942 distare
839 867 1013 941 arbitror:
1043 867 1269 964 quodetiam

214 982 245 1056 si
262 983 372 1079 hujus
394 983 466 1057 loci
485 990 581 1057 esset
599 982 765 1080 pluribus
785 981 1007 1078 argumentis
1024 981 1168 1079 probari
1184 1005 1269 1079 pos-

215 1101 283 1168 set.
338 1094 476 1169 Totum
502 1095 594 1169 illud
610 1094 768 1191 spatium
786 1096 854 1168 sub
872 1093 1152 1168 Homericorum
1175 1101 1269 1168 tem-

213 1235 347 1309 porum
363 1213 510 1286 nomine
526 1211 710 1309 intelligo:
739 1236 858 1308 neque
881 1210 969 1284 mihi
992 1211 1116 1285 videor
1131 1217 1269 1286 temere

214 1328 371 1424 evagari,
389 1327 420 1401 si
438 1351 513 1402 uno
530 1328 667 1402 intuitu
685 1332 743 1400 tot
766 1349 944 1400 annorum
968 1325 1148 1401 ambitum
1171 1351 1270 1400 corn-

215 1443 363 1538 plectar.

268 1558 363 1646 Quae
396 1559 507 1659 igitur
533 1559 721 1658 praesentis
756 1568 843 1634 sunt
876 1557 1084 1656 questionis
1115 1560 1168 1634 ita
1201 1559 1271 1634 dis-

216 1674 351 1765 tribuo,
385 1686 429 1751 ut
463 1700 506 1751 ea
538 1677 630 1750 mihi
663 1673 823 1773 primum
856 1677 1045 1750 tractanda
1077 1675 1272 1772 suscipiam

219 1817 300 1891 quae
323 1795 370 1868 ad
391 1795 506 1870 totius
524 1793 673 1868 Graeciae
692 1799 829 1868 statum
852 1792 1046 1890 pertinent,
1065 1792 1193 1866 deinde
1217 1794 1271 1865 in·

219 1909 349 1984 stituta
365 1916 403 1984 et
425 1909 632 2006 disciplinas
658 1907 781 1984 civiles
805 1933 886 2005 quae
910 1907 949 1980 in
971 1906 1123 2004 singulis
1146 1907 1272 1982 civita-

218 2023 318 2098 tibus
345 2032 435 2100 tune
465 2025 636 2123 temporis
666 2024 787 2098 locum
813 2023 1031 2111 habuerunt,
1065 2023 1175 2097 tertio
1200 2025 1272 2120 pri-

219 2145 313 2214 vatae
345 2141 431 2214 vitae
465 2137 744 2214 eonsuetudines
778 2143 816 2212 et
849 2161 980 2229 mores,
1011 2148 1049 2214 et
1087 2148 1273 2236 postremo

220 2257 367 2332 Artium
395 2268 432 2332 et
462 2257 705 2334 Solantiarum
735 2261 893 2328 statum:
927 2279 999 2354 qua
1026 2263 1124 2330 certe
1154 2254 1273 2330 distri-

221 2374 371 2448 butione
398 2386 545 2450 omnem
574 2375 675 2447 illam
708 2372 896 2447 materiem
930 2379 968 2447 et
1002 2374 1143 2471 sylvam
1173 2397 1271 2447 com·

221 2491 426 2590 plectimur,
458 2515 538 2590 quoe
567 2491 613 2566 ad
646 2490 768 2566 Poetae
798 2489 1001 2566 subsidium
1029 2490 1068 2564 in
1098 2500 1273 2588 promptu

223 2619 310 2684 erat.

272 2725 520 2802 vetustiorem
549 2727 661 2824 igitur
689 2725 839 2800 Graeeiae
865 2725 1054 2800 historiam
1083 2731 1275 2798 transeun-

224 2842 308 2916 dam
333 2868 412 2918 esse
435 2867 578 2932 censeo,
596 2869 676 2941 quae
699 2866 816 2940 neque
841 2840 1029 2939 praesentis
1050 2838 1190 2915 consilii
1206 2847 1273 2928 est,

223 2982 340 3056 neque
356 2959 395 3032 in
415 2961 535 3034 lucem
558 2957 707 3032 excitari
724 2963 857 3056 potest.
910 2957 1058 3031 Frustra
1081 2955 1275 3055 quaerimus

223 3075 372 3173 quinam
389 3075 631 3173 antiquissimi
648 3075 797 3149 Graeciae
813 3075 962 3150 iucolae:
990 3075 1124 3150 frustra
1143 3074 1276 3173 linguae

224 3191 358 3266 Graecae
373 3192 548 3288 originem
565 3197 602 3266 et
615 3216 741 3266 causas
752 3192 982 3289 indagamus:
1012 3218 1166 3291 quarum
1179 3202 1275 3266 certe

222 3333 344 3382 rerum
370 3311 430 3383 vel
454 3311 553 3383 nulla
578 3311 727 3384 omnino
752 3311 905 3406 vestigia
930 3319 1137 3407 supersunt,
1155 3310 1224 3399 vel,
1244 3310 1276 3382 si

221 3437 415 3535 supersint,
450 3427 654 3535 ἰχνηλάτου
690 3431 812 3510 &sivos
848 3425 1005 3510 δεόνται.
1065 3440 1161 3514 Illud
1191 3463 1275 3513 con·

221 3557 296 3628 stat
321 3553 458 3650 primos
487 3553 633 3628 Graeciae
659 3553 795 3628 incolas
821 3554 992 3628 barbaros
1019 3555 1177 3644 missen
1203 3580 1276 3652 quo

220 3669 368 3742 nomine
384 3668 466 3743 illos
483 3669 644 3765 intelligo
661 3670 793 3767 quibus
814 3695 900 3743 cum
916 3670 1043 3766 lingua
1059 3679 1096 3743 et
1113 3670 1275 3744 moribus

222 3785 418 3859 Graiorum
434 3785 526 3859 nihil
543 3785 611 3860 fuit
629 3810 848 3860 commune..
886 3785 1084 3883 Progressu
1101 3787 1276 3884 temporis

220 3905 316 3974 artes
334 3902 555 3998 quaedamst
569 3901 806 3976 Scientiarum
820 3900 1024 3976 rudimenta
1037 3912 1072 3976 et
1089 3903 1276 3979 literarum

219 4041 329 4120 usum
354 4019 400 4093 ab
425 4017 603 4116 AEgypto,
632 4018 747 4116 Syria,
775 4026 812 4094 et
835 4019 972 4094 caeteris
1000 4019 1162 4096 Orientis
1192 4047 1274 4118 par-

219 4133 319 4207 tibus
336 4134 375 4208 in
395 4133 573 4208 Graeciam
597 4142 821 4211 transvectos
847 4159 925 4210 esse
946 4136 1176 4212 notissimum
1194 4147 1273 4212 est:

504 4274 677 4346 ePaucum,
693 4274 715 4336 1.
729 4275 748 4337 i.
789 4277 899 4352 Strab,
912 4275 931 4338 l.
947 4276 995 4337 vii.
