3096 4886
521 280 734 332 ramaacrro
754 279 930 332 sacrans.
1216 259 1258 322 19

204 432 362 528 quntum
395 449 475 503 esse
503 427 591 503 satis
620 435 774 503 constat.
827 427 1023 503 Materiam
1056 452 1161 502 suam
1189 453 1258 525 pro

204 543 351 620 arbitrio
373 544 542 620 formavit
564 551 602 620 et
623 543 755 620 finxitl
766 578 777 634 ;
812 547 876 621 sed
898 570 972 620 non
992 545 1138 620 aliunde
1160 553 1258 620 certe

203 685 316 760 quam
332 687 378 738 ex
394 663 470 738 suis
485 663 711 760 temporibus
729 663 936 760 decerptam
953 660 1091 737 habuit.
1130 662 1258 760 Siquid

202 778 315 876 igitur
337 779 382 855 de
406 779 595 854 hominnm
614 777 777 854 moribus
803 788 840 853 et
865 778 1056 854 affectibus
1081 785 1119 853 et
1143 778 1258 852 totius

201 895 287 970 ritae
303 895 444 971 ratione
460 897 628 996 operibus
645 895 721 972 suis
737 895 985 985 immiscuerit,
1004 921 1049 970 ex
1069 896 1260 993 disciplina

202 1019 241 1087 et
256 1013 419 1088 moribus
435 1037 587 1089 snorum
599 1021 806 1110 temporum
823 1037 866 1088 ea
879 1013 1002 1088 omnia
1018 1011 1181 1087 hausisse
1193 1036 1256 1086 ne·

205 1154 305 1205 cesse
322 1140 390 1206 est.
427 1130 518 1206 Hac
534 1130 646 1228 igitur
661 1140 787 1206 nostra
804 1142 859 1205 cst
876 1130 1099 1228 disquisiti03
1126 1131 1258 1229 quibus

202 1248 286 1322 telis
302 1245 514 1337 instructus
534 1271 692 1345 quanam
715 1248 939 1345 supellectile
962 1249 1130 1337 donatus,
1157 1249 1258 1346 operi

204 1387 273 1439 suo
300 1387 339 1439 se
365 1363 565 1440 accinxerit
590 1364 704 1438 Poeta
730 1364 896 1438 omnium
925 1365 1257 1463 praestantissimus.

201 1477 321 1554 Erunt
343 1481 495 1556 fortasse
516 1480 627 1556 ctiam
650 1480 689 1554 in
711 1486 854 1555 remota
870 1481 1087 1578 antiquitate
1103 1481 1260 1556 Poeseos

203 1597 369 1692 quaedam
385 1595 555 1685 subsidia,
568 1620 727 1694 quorum
743 1621 850 1693 opem
862 1596 1073 1672 melioribus
1089 1597 1260 1695 auspiciis

203 1710 339 1787 frustm
354 1736 487 1811 speres.
541 1713 622 1788 Nec
638 1736 722 1787 sum
738 1713 887 1810 ignarus
911 1719 1087 1813 quantam
1103 1739 1181 1788 rem
1197 1739 1259 1810 ag-

201 1851 391 1926 gressurus
418 1855 513 1920 snm,
544 1855 612 1905 nec
640 1855 751 1929 quam
776 1831 840 1904 illa
864 1831 989 1906 omnia
1020 1832 1160 1906 inculta
1186 1833 1260 1907 fere

197 1945 321 2045 jacent
347 1953 385 2022 et
411 1949 577 2045 neglecta
601 1948 713 2022 etiarn
736 1949 781 2022 ab
806 1948 853 2022 iis
878 1949 942 2046 qui
962 1949 1126 2024 Homero
1152 1955 1259 2024 aetate

202 2065 360 2163 proximi
386 2072 494 2140 sunt:
521 2088 639 2162 neque
663 2063 798 2140 iterum
823 2071 961 2164 quanta
984 2066 1080 2141 inter
1096 2074 1262 2142 auctores

208 2206 296 2256 cum
319 2187 459 2256 veteres
484 2190 564 2256 tum
590 2183 809 2257 recentiores
834 2183 879 2256 de
912 2183 971 2256 his
996 2185 1104 2260 rebus
1134 2185 1262 2259 diserc-

203 2298 338 2396 pantio.
390 2297 477 2372 Non
494 2299 592 2372 enim
608 2299 680 2373 alia
702 2298 808 2374 nobis
832 2300 1019 2376 tractanda
1037 2309 1135 2387 sunt,
1153 2326 1262 2397 quam

205 2440 287 2514 quae
303 2420 369 2490 aut
386 2421 410 2454 ‘¹
422 2414 578 2490 Poeticis
602 2415 733 2489 decora
755 2415 925 2506 fabulis,''
944 2423 1009 2493 aut
1035 2417 1211 2518 sordibus]
1225 2427 1263 2496 et

204 2533 280 2608 situ
297 2533 471 2606 obvoluta
488 2538 586 2606 sunt.
640 2532 762 2606 Caulo
779 2532 893 2628 igitur
909 2535 1003 2630 pede
1019 2535 1262 2611 incedendum

203 2653 270 2723 est.
322 2648 380 2722 Ac
403 2647 493 2722 mihi
515 2647 661 2746 quidem
685 2658 782 2722 recte
805 2649 849 2723 de
866 2648 923 2722 his
945 2650 1052 2749 rebus
1070 2651 1262 2726 consilium

202 2764 293 2840 inire
316 2765 473 2854 videtin,
500 2765 563 2865 qui
587 2765 651 2840 illo
677 2764 862 2841 Strabonis
887 2767 1037 2840 modulo
1074 2767 1191 2842 sobrie
1224 2776 1262 2844 et

203 2881 367 2956 modeste
393 2882 523 2970 utitur,
548 2887 593 2956 ut
621 2882 718 2956 inter
742 2881 987 2979 discrepantes
1018 2892 1186 2959 auctores
1219 2910 1262 2961 ea

204 2998 332 3096 seligat
347 3004 523 3098 tanquam
538 3023 635 3088 vera,
653 2997 693 3072 in
716 3001 849 3098 quibus
873 3024 1000 3074 omnes
1017 3002 1077 3074 vel
1097 3003 1261 3101 plerique

206 3117 449 3203 consentiunt,
475 3120 514 3191 et
540 3140 584 3190 aa
611 3115 722 3192 etlam
755 3142 801 3192 ex
824 3116 973 3193 Fabulis
998 3119 1153 3194 Poeticis
1179 3146 1260 3219 quae

79 3337 81 3340 Ι
202 3245 454 3321 universaliter
483 3246 653 3320 omnibns
680 3251 906 3345 competunt.
942 3245 1059 3322 ταῦτα
1083 3240 1127 3320 οὐ
1152 3274 1258 3344 ποιη-

203 3369 279 3450 τῶν
305 3363 515 3467 πλάσματα
542 3368 649 3448 ἐστὶν
670 3363 756 3447 οὐδὲ
782 3367 1046 3476 συγγραφέων,
1067 3366 1170 3450 ἀλλὰ
1195 3405 1258 3474 γε·

202 3491 415 3600 γενημένων
432 3495 517 3601 lxm]
538 3497 599 3575 καὶ
616 3493 831 3600 προσώπων
850 3498 911 3576 καὶ
928 3493 1103 3602 πράξεων
1112 3507 1135 3576 ⁰.
1172 3507 1260 3584 His·

203 3616 456 3710 toriaescilicet
472 3620 650 3696 laboranti
665 3646 712 3695 ex
733 3622 949 3718 conjecturis
972 3647 1083 3720 quam
1105 3624 1258 3700 maxime

201 3735 449 3834 probabilibus
466 3737 752 3813 succurrendum
765 3745 832 3812 est.
883 3737 1130 3837 Thucydidem
1147 3741 1258 3816 etiam

202 3850 243 3925 in
267 3851 325 3925 his
350 3853 457 3928 rebus
484 3858 664 3951 quantum
689 3853 775 3929 licet
802 3855 970 3929 lubenter
991 3863 1178 3930 auctorem
1202 3881 1257 3933 se·

204 3993 310 4066 quor,
330 3969 392 4066 qui
413 3970 535 4045 haecce
556 3977 770 4069 argumenta
792 3973 1019 4071 aliquatenus
1041 3975 1258 4050 excutienda

203 4107 285 4161 esse
309 4083 503 4163 arbitratus
527 4098 731 4189 estusque
756 4096 891 4165 temere
914 4091 1083 4166 omnibus
1109 4094 1256 4167 creden-

323 4237 423 4305 avia
438 4241 525 4306 Pral.
540 4243 560 4306 'a
899 4247 1033 4320 ‘stram
1047 4246 1100 4310 lib.
1114 4246 1136 4308 i.

701 4368 722 4419 c
741 4347 765 4418 2
