3094 4898
223 404 225 414 ,
257 337 325 428 1166
590 344 802 396 rfflnnorro
828 341 978 390 nucina.

260 502 409 588 hibent;
438 510 548 597 atque
572 500 656 586 hoc,
675 498 734 570 vel
758 496 868 568 unico
895 492 1179 587 vocabulo,un
1205 514 1315 564 seusu

260 633 372 706 habes
384 616 646 716 Ἡλιούπολιν,
666 628 766 702 urbis
783 623 1012 722 AEgyptiacae
1030 646 1178 710 nomen,
1196 623 1254 694 vel
1271 622 1317 693 ti·

262 765 341 836 tulo
361 762 544 858 adjuncto,
567 749 785 854 εὐρυκρείων
805 743 1065 847 Ἀγαμέμνων,
1083 739 1318 846 Ὀρχομενὸν

261 880 486 982 πολύμηλον
494 879 518 974 ⁰,
533 879 626 984 ἅνηρ
638 875 931 977 Ὀλυμπιονίκας
942 864 963 953 ¹.
1007 881 1102 954 Sunt
1119 881 1228 954 ctiam
1245 879 1318 953 De·

263 1007 444 1105 scriptiva,
465 1030 545 1103 quae
565 1005 669 1078 istius
693 1010 781 1077 sunt
803 998 1084 1099 pulchritudinis
1100 1003 1146 1071 nt
1169 999 1319 1094 plenam

262 1124 300 1197 in
319 1148 357 1196 se
375 1121 652 1220 descriptionem
671 1121 856 1194 continere
873 1116 1080 1201 videantur,
1095 1113 1214 1211 qualia
1231 1121 1320 1188 sunt

263 1257 326 1329 illa
361 1255 525 1340 Homeri,
549 1235 729 1348 Ἀρτεμις
763 1232 930 1344 ἰοχέαιρα
940 1225 968 1344 ⁸,
1000 1245 1149 1346 Πήλιον
1182 1248 1319 1328 εἰνοσί-

263 1381 452 1484 polleat,
472 1386 530 1457 vel
547 1381 697 1455 Pindari
721 1372 976 1479 μελίφθογγοι
999 1380 1149 1455 Μοῖσαι
1158 1363 1179 1468 ¹,
1199 1379 1319 1474 Φιλη-

263 1505 454 1606 σίμολπος
474 1503 505 1584 τ’
528 1499 771 1611 Εὐφροσύνα.
826 1510 924 1585 Sunt
949 1515 1106 1612 denique
1131 1537 1214 1609 quae
1239 1515 1320 1588 bre

263 1629 370 1703 vitati
392 1631 592 1703 inserviunt
618 1629 708 1701 dum
734 1653 811 1700 rem
838 1653 905 1704 sua
931 1638 1063 1705 natura
1088 1635 1318 1728 complexam

263 1746 360 1820 intra
390 1771 501 1820 unam
530 1771 659 1821 vocem
689 1747 877 1834 claudunt,
905 1750 1012 1845 quale
1038 1759 1095 1822 est
1124 1749 1217 1823 illud
1243 1748 1321 1822 He·

264 1877 385 1950 rodoti
405 1859 715 1972 yvompaxtast,
735 1900 773 1950 se
790 1877 886 1951 bello
911 1878 1087 1976 imparem
1113 1903 1320 1978 agnoscere,

264 2019 301 2081 et
329 2005 480 2081 Homeri
509 1991 811 2100 ἀλλοπρόσαλλε
821 1985 880 2108 ¹7-
894 2008 957 2081 sed
988 2009 1066 2084 haec
1094 2034 1205 2107 quam
1231 2035 1321 2107 prae-

265 2127 362 2199 clara
386 2125 471 2212 sint,
490 2146 599 2219 quam
618 2121 722 2194 facile
748 2122 847 2218 apud
868 2121 1016 2200 Graecos
1043 2132 1268 2224 usurpantur
1285 2133 1324 2200 et

265 2242 410 2341 quidem
440 2242 479 2314 in
510 2238 686 2314 utramvis
720 2248 861 2336 partem
894 2243 1043 2339 (pariter
1069 2246 1167 2318 enim
1198 2243 1322 2318 Comi-

266 2385 394 2434 corum
420 2359 576 2432 licentiae
609 2363 719 2454 atque
746 2356 868 2455 Epicae
902 2360 1003 2456 poesi
1036 2361 1253 2452 inserviunt)
1284 2362 1323 2435 in

257 2495 329 2551 'ore
343 2489 401 2552 est
419 2477 601 2550 omnibus.
685 2489 691 2498 '

317 2593 574 2668 Derivatorum
602 2597 771 2664 naturam
799 2593 831 2664 si
859 2592 927 2682 rite
958 2604 1239 2692 perscrutemur,
1262 2619 1323 2692 ag-

120 2773 127 2782 .
266 2736 461 2786 noscamus
471 2710 532 2784 illa
542 2732 691 2786 necesse
705 2717 760 2783 est
773 2710 1038 2810 Philosophioae
1055 2737 1134 2786 esse
1147 2712 1324 2798 veritatis,

266 2831 305 2902 in
323 2830 453 2926 quibus
477 2828 615 2901 scilicet
634 2825 789 2924 intelligi
815 2838 936 2924 potest
953 2854 1029 2902 una
1045 2829 1243 2927 eademque
1260 2853 1324 2902 na·

151 3043 155 3050 .
267 2953 351 3020 tura
376 2971 442 3044 pro
461 2943 612 3018 diversis
633 2967 723 3039 quas
748 2944 870 3018 induit
888 2945 1013 3020 formis
1040 2947 1078 3020 in
1104 2971 1233 3022 sensus
1250 2945 1327 3019 fere

266 3062 429 3135 infinitos
447 3069 620 3156 tanquam
637 3060 774 3133 rivulos
792 3060 961 3150 deducto,
976 3066 1039 3159 qui
1056 3069 1180 3136 tamen
1197 3086 1326 3136 omnes

268 3186 366 3251 recte
389 3178 467 3249 haec
491 3176 650 3250 intuenti
675 3176 720 3248 ad
748 3200 853 3250 suam
877 3179 1053 3275 originem
1077 3190 1116 3253 et
1140 3179 1185 3252 ad
1211 3203 1326 3252 unam

269 3295 507 3392 propaginem
545 3294 705 3367 revocari
744 3306 923 3391 possunt;
966 3308 1003 3370 et
1046 3294 1194 3393 quidem
1234 3293 1326 3368 mihi

268 3439 395 3512 parurn
422 3414 585 3510 linguam
614 3413 778 3486 Graecam
804 3410 937 3488 callere
953 3415 1137 3504 videntur,
1161 3415 1224 3512 qui
1246 3415 1327 3490 haec

269 3532 400 3607 leviter
427 3537 465 3604 et
492 3530 716 3628 negligenter
743 3531 956 3627 attingunt3
992 3557 1067 3606 non
1094 3533 1192 3605 enirn
1222 3533 1327 3606 aliter

269 3669 377 3721 verus
395 3645 658 3718 vocabulorum
676 3667 804 3717 sensus
822 3645 1037 3742 aperiendus
1054 3656 1122 3720 est.

330 3773 499 3872 Exempli
529 3776 611 3848 loco
642 3775 689 3848 sit
719 3798 792 3848 vox
825 3765 961 3871 Πέρας,
992 3775 1184 3863 terminus,
1215 3781 1328 3874 atque

270 3907 355 3981 hinc
379 3907 504 3980 statim
525 3904 693 3978 oriuntur
714 3906 823 3979 verba
844 3898 1019 4000 περαίνω,
1041 3891 1223 4001 περατόω,
1250 3931 1328 3981 rem

312 4137 324 4166 ⁸
344 4125 390 4184 Il.
405 4139 436 4183 B.
452 4126 519 4202 ⁶05·
858 4123 865 4156 ¹
886 4125 987 4196 Pina,
1002 4122 1116 4214 Olymp.
1132 4124 1159 4182 6.

312 4203 323 4244 ¹
342 4205 469 4263 Pindor.
484 4211 512 4262 at
527 4202 649 4271 Herod,
659 4203 779 4282 possim.
859 4202 871 4234 ¹
894 4203 1048 4274 Herodot,
1064 4203 1106 4261 iir.
1122 4219 1169 4280 ²5·

312 4293 323 4328 Ι
345 4284 446 4360 Odyss.
465 4295 494 4342 Ζ.
513 4301 579 4351 102,
594 4283 647 4342 &o
861 4271 869 4313 ¹
890 4283 1066 4360 11.s.889.

291 4363 323 4440 ‚¹¹
345 4361 422 4420 Ibid.
440 4378 468 4422 Λ.
486 4382 517 4437 31
526 4381 551 4438 5.
