3058 4902
266 277 333 342 360
532 285 746 336 Pfflncnlo
773 287 1074 336 mensim-PRIMA.

268 464 375 535 quom
394 449 470 510 tam
488 437 620 532 insigni
637 438 675 511 in
691 439 773 512 loco
790 437 926 535 posuit,
942 446 984 510 nt
1001 435 1163 520 animum
1179 437 1328 512 lactoris

268 557 312 628 ad
331 580 369 629 se
389 555 494 627 valde
513 554 646 628 trahat.

322 671 427 744 Hanc
453 671 619 744 imitandi
645 673 821 746 rationem
849 671 1027 744 inanimo
1048 669 1323 744 habensMaxi·

268 813 350 860 mus
376 787 509 883 Tyrius
537 787 701 863 Homero
731 794 768 861 et
798 788 938 861 caeteris
968 797 1043 860 tam
1069 788 1187 884 poetis
1212 813 1322 884 quam

268 904 469 1002 pictoribus
496 905 677 1002 duplicem
704 929 828 978 curam
854 904 996 990 tribuit,
1022 905 1171 977 aiteram
1197 912 1241 978 ut
1265 931 1326 977 ve·

269 1044 348 1092 rum
382 1023 568 1117 exemplar
596 1023 746 1095 alteram
777 1027 821 1094 ut
854 1020 1049 1116 pulchrum
1079 1020 1327 1094 exhibeant-

269 1142 330 1219 καὶ
349 1137 423 1243 γὰρ
444 1137 585 1220 τούτων
605 1139 712 1222 ἔσται
735 1138 778 1221 τὸ
797 1145 926 1244 χρῆμα
945 1141 1117 1236 διπλοῦν,
1136 1135 1180 1219 τὸ
1194 1137 1265 1238 μὲν
1283 1143 1325 1219 ἐκ

268 1273 334 1369 τῆς·
365 1261 512 1373 τέχνης,
541 1267 585 1350 τὸ
616 1267 657 1348 δὲ
689 1271 730 1348 ἐκ
761 1273 827 1369 τῆς·
857 1270 1000 1372 ἀρετῆς·
1034 1265 1129 1348 κατὰ
1156 1265 1226 1366 μὲν
1256 1265 1328 1368 τὴν

267 1397 416 1501 τέχνην,
434 1395 482 1478 τὰ
499 1395 679 1502 σχήματα
705 1399 767 1477 καὶ
791 1395 839 1477 roi
858 1395 1017 1496 ovipara
1044 1401 1095 1480 εἷς
1123 1395 1326 1498 ὃμοιότητιι

267 1525 334 1604 τοῦ
364 1527 527 1627 ἀληθοῦς
556 1523 788 1628 διασώζοντι·
819 1523 912 1605 κατὰ
941 1523 981 1603 δὲ
1010 1519 1080 1624 τὴν
1110 1521 1246 1628 ἀρετὴν
1271 1532 1324 1610 εἷς

268 1654 428 1756 μίμησιν
446 1661 512 1733 τοῦ
526 1654 691 1738 κάλλους
713 1648 782 1753 τὴν
801 1650 1094 1758 εὐσχημοσύνην
1111 1658 1186 1733 τῶν
1202 1688 1324 1757 γραμ-

268 1781 396 1882 μάτων
414 1780 657 1864 διατιθέντιω.

319 1908 368 1982 Et
391 1931 516 1982 revera
540 1933 585 1980 ex
611 1907 681 1981 hoc
706 1908 873 1981 imitandi
898 1907 1050 1994 ratione,
1075 1931 1121 1980 ex
1145 1907 1215 1981 hac
1240 1933 1324 2005 pro·

269 2023 441 2119 pensione
459 2024 505 2096 ad
522 2025 697 2098 virtutem
714 2035 751 2096 et
774 2024 969 2098 nobiliores
992 2023 1104 2097 animi
1121 2026 1225 2096 dotes
1246 2048 1324 2120 per-

270 2138 378 2211 mista
411 2139 555 2212 interim
592 2141 671 2214 labe
708 2141 829 2237 aliqua
863 2147 901 2214 et
938 2141 1120 2213 erroribus
1155 2141 1324 2212 humanis

270 2256 385 2327 multa
411 2265 447 2328 et
474 2279 607 2351 magna
631 2258 822 2353 profluunt
844 2258 1045 2330 commoda
1100 2257 1197 2330 Hinc
1223 2282 1324 2330 mens

270 2372 432 2444 humana
461 2372 554 2444 nihil
582 2373 770 2447 inveniens
796 2375 894 2471 quod
924 2398 1035 2470 supra
1064 2383 1231 2446 naturam
1261 2383 1324 2445 aut

269 2489 379 2561 fidem
414 2487 473 2577 sit,
502 2488 624 2562 Poetae
654 2514 693 2563 se
724 2501 838 2564 totam
871 2489 982 2562 tradit
1016 2495 1055 2562 ut
1084 2489 1130 2560 ad
1159 2497 1322 2562 contem-

269 2606 468 2700 plationem
495 2604 642 2678 virtutis
670 2614 708 2679 et
733 2606 935 2680 venustatis
964 2607 1209 2703 perducatur;
1249 2630 1322 2679 non

270 2724 381 2795 sentit
405 2747 444 2795 se
461 2747 546 2796 cum
563 2722 635 2795 illis
651 2725 786 2798 versari
804 2724 865 2821 qui
887 2747 1117 2797 communem
1134 2723 1248 2795 vitam
1264 2747 1323 2796 ex-

270 2849 457 2936 superant,
477 2840 539 2913 sed
566 2839 745 2913 intentam
770 2864 808 2914 se
834 2841 971 2938 praebet
993 2850 1028 2913 et
1054 2841 1200 2936 penitus
1217 2865 1324 2913 occu·

268 2956 347 3052 pori
365 2981 403 3028 se
421 2981 497 3030 non
515 2958 626 3031 modo
643 2959 730 3031 sinit
747 2959 809 3032 sed
828 2959 940 3031 etiam
957 2969 1114 3054 exoptat.
1165 2957 1323 3030 Virtutis

268 3071 380 3167 igitur
401 3097 545 3146 omnem
569 3073 645 3146 vim
670 3075 825 3172 percipit
850 3098 932 3171 quae
956 3099 1030 3148 non
1056 3073 1220 3147 amabilis
1245 3097 1323 3147 esse

270 3213 344 3262 non
362 3197 486 3287 potest
502 3190 566 3264 ubi
580 3216 704 3264 veram
716 3193 795 3288 ejus
812 3192 1005 3288 imaginem
1025 3193 1250 3264 intueamur:
1277 3215 1323 3262 ex

271 3307 334 3378 tali
352 3307 660 3404 contemplatione
678 3307 809 3404 saepius
826 3315 1003 3404 usurpata
1019 3307 1194 3380 accrescit
1211 3306 1325 3379 acrior

270 3446 398 3495 sensus
426 3433 537 3519 atque
564 3449 667 3497 amor
693 3423 797 3498 istius
825 3424 923 3522 quod
951 3449 1035 3497 vere
1064 3425 1260 3522 pulchrum
1286 3433 1325 3494 et

269 3537 444 3612 eximium
474 3547 550 3612 est:
585 3541 637 3613 ita
667 3539 704 3614 in
738 3543 854 3616 bonos
883 3541 1028 3615 habitus
1064 3549 1102 3614 et
1136 3541 1173 3614 in
1207 3540 1323 3612 bonos

271 3680 390 3728 mores
408 3655 501 3728 etin
518 3664 636 3730 rectos
654 3657 805 3730 affectus
819 3657 954 3732 sensim
971 3658 1194 3753 effingimur:
1222 3663 1324 3752 patet

269 3774 389 3846 aditus
415 3774 462 3845 ad
485 3773 685 3871 principem
711 3774 810 3848 illam
838 3773 1119 3868 scientiamque
1143 3773 1267 3847 odium
1286 3785 1324 3846 et

268 3913 427 3962 amorem
445 3897 542 3963 recte
560 3915 695 3988 ponere
713 3891 896 3966 discimus.
948 3892 1128 3964 Praeterea
1145 3891 1322 3964 malorum

268 4007 466 4081 affectuum
492 4017 529 4081 et
553 4008 726 4082 vitiorum
749 4009 935 4106 permistio
963 4010 1122 4082 multum
1149 4007 1320 4104 prodest3

267 4123 454 4198 intuemur
476 4125 573 4198 enim
599 4125 637 4197 in
661 4138 842 4222 quantum
868 4127 947 4199 haec
972 4127 1083 4213 labes,
1103 4123 1171 4197 uisi
1193 4124 1321 4197 morbo

346 4315 370 4344 m
390 4307 474 4365 Mac.
493 4307 573 4385 Tyr„
588 4307 715 4366 Dissert.
731 4306 827 4365 xxxii.
844 4307 861 4383 ς
878 4325 904 4384 ς,
916 4306 1004 4386 juxta
1017 4305 1090 4365 edit.
1105 4303 1224 4364 Beieke.
