3058 4908
303 340 371 406 226
565 346 779 396 Pnanncrro
799 347 1094 398 uncina-raam.

303 533 341 583 se
368 530 565 606 opponere,
592 527 703 602 quam
728 509 854 578 tutum
879 502 943 576 sed
968 501 1128 600 ignobile
1153 502 1274 578 otium
1299 528 1363 579 co·

302 627 376 698 lere
388 658 450 698 2·-

465 739 504 798 Ed
517 739 548 798 ni
559 763 602 796 roa
615 735 673 796 οἶδα
686 739 729 793 καὶ
741 738 820 796 αὐτὸς
833 738 849 793 ὅ
860 762 905 810 μοι
918 742 998 812 μόρος
1011 739 1096 796 ἐνθάδ’
1111 741 1223 796 ὀλέσθαι

464 839 558 909 Νόσφι
571 838 656 908 φίλου
668 837 767 909 πατρὸς
781 835 822 890 eat
835 835 953 909 apripen-
975 835 1047 890 ἇλλὸ
1060 838 1104 891 καὶ
1116 837 1198 907 ἔμπης

460 934 499 988 Οὐ
511 932 584 1022 λῆξυ
597 933 659 1004 πρὶν
672 937 762 1004 Τρὸας
775 931 839 1002 ἅδην
852 931 948 987 Ildum
960 930 1087 1002 πολέμοω
1096 937 1118 986 8.

305 1061 436 1159 Itaque
461 1059 580 1156 siquid
604 1059 648 1131 de
665 1056 831 1134 Heroiim
849 1055 994 1132 familiis
1018 1066 1057 1132 et
1078 1059 1192 1156 stirpe
1214 1083 1362 1132 conser-

302 1179 466 1253 vandum
499 1181 577 1250 erat
611 1185 648 1248 et
681 1175 827 1271 poetico
862 1184 993 1248 ornatu
1027 1176 1284 1262 decorandum,
1316 1177 1364 1250 de

303 1295 435 1393 quibus
461 1293 608 1369 familiis
633 1316 767 1388 magna
791 1291 996 1365 fabularum
1023 1293 1138 1366 moles
1163 1293 1209 1391 ad
1234 1301 1362 1366 nostra

302 1433 420 1506 usque
437 1402 599 1503 tempora
616 1406 735 1479 delata
752 1409 820 1492 est,
838 1405 943 1477 facile
966 1414 1044 1478 erat
1060 1407 1184 1479 locum
1201 1411 1240 1478 et
1256 1431 1361 1480 occa-

304 1524 441 1600 sionem
455 1523 616 1596 invenire
629 1553 638 1609 ;
663 1522 785 1618 siquid
797 1521 908 1594 etiam
922 1521 966 1594 de
979 1524 1202 1618 populorum
1215 1521 1360 1619 origini-

302 1641 373 1714 bus
400 1641 550 1737 dignum
579 1649 667 1726 erat,
694 1639 793 1736 quod
822 1639 862 1712 in
889 1647 1121 1736 posterorum
1147 1665 1257 1713 usum
1284 1665 1361 1713 oar·

303 1758 460 1832 minibus
477 1759 691 1843 traderetur,
706 1755 744 1828 in
761 1767 934 1855 promptu
953 1765 1030 1830 erat
1047 1757 1158 1830 etiam
1174 1758 1269 1832 banc
1282 1782 1360 1830 rem

302 1877 490 1972 attingere.
525 1873 631 1948 Adeo
647 1873 700 1946 illi
716 1872 755 1946 in
767 1873 925 1970 Trojano
941 1874 1038 1947 bello
1055 1873 1213 1948 versanti
1231 1899 1359 1949 omnes

303 1991 518 2089 antiquioris
545 1989 692 2064 Graeciae
722 1991 885 2064 thesauri
907 1993 1101 2087 patebant;
1128 1989 1182 2066 fas
1209 1997 1286 2064 erat
1313 2017 1359 2066 ex

303 2111 477 2207 religione
502 2114 540 2182 et
563 2107 716 2181 historia
732 2108 791 2181 vel
816 2107 931 2181 totius
949 2105 1098 2182 Graeciae
1115 2110 1174 2182 vel
1199 2109 1362 2204 singula·

303 2251 386 2300 rum
404 2227 596 2301 civitatum
621 2247 664 2298 ea
680 2223 836 2298 delibare
854 2250 935 2322 quae
960 2249 1005 2298 ex
1023 2250 1093 2299 usu
1119 2226 1223 2300 sient.
1275 2225 1361 2324 Ipsa

302 2343 403 2418 urbis
420 2344 647 2441 oppugnatio
672 2344 796 2416 locum
814 2342 923 2416 dabat
949 2341 1019 2415 illis
1037 2367 1118 2440 quac
1143 2345 1284 2441 politici
1301 2345 1360 2417 vel

302 2459 421 2535 bellici
447 2467 535 2534 sunt
555 2458 661 2556 juris.
724 2459 785 2531 le
817 2458 937 2533 reditu
962 2459 1116 2557 Ulyssis·
1140 2459 1179 2534 in
1204 2461 1360 2558 patriam

304 2579 420 2653 civilis
453 2577 539 2652 vitae
578 2601 707 2651 norma
749 2583 786 2651 et
833 2578 1040 2652 domesticae
1078 2578 1361 2653 consuetudines

304 2697 507 2793 aperiendae
532 2701 646 2768 erant.
698 2693 790 2767 Haec
816 2695 964 2769 militari
993 2695 1117 2792 gloriae
1143 2703 1181 2769 et
1205 2697 1360 2793 impera-

303 2815 409 2887 toriis
435 2812 630 2888 virtutibus
656 2811 874 2886 inserviebat
890 2813 1021 2887 fabula.
1073 2811 1165 2886 Haec
1187 2820 1361 2909 spectata

302 2932 505 3028 prudentiae
531 2937 569 3004 et
595 2929 765 3004 exercitae
790 2931 896 3004 malis
921 2929 1137 3004 tortitudini.
1189 2929 1360 3028 Denique

303 3071 379 3120 non
397 3045 577 3120 Graeciam
594 3054 739 3121 tantum
764 3049 828 3121 sed
844 3053 968 3121 totum
990 3046 1065 3120 fere
1082 3046 1164 3121 vitae
1188 3047 1361 3121 bumanae

303 3164 481 3238 ambitum
509 3164 702 3262 multiplex
719 3163 865 3260 Trojani
885 3164 971 3237 belli
996 3165 1144 3238 fortuna
1167 3166 1362 3261 complexa

303 3288 370 3355 est.
421 3281 563 3356 Rursus
588 3283 679 3355 illud
704 3281 852 3379 Trojani
881 3282 966 3356 belli
995 3283 1186 3381 proprium
1215 3291 1284 3370 est,
1312 3285 1360 3357 ad

303 3423 384 3473 eam
401 3405 546 3474 aetatem
564 3400 744 3496 pertinere
761 3400 800 3472 in
818 3424 891 3497 qua
912 3400 1040 3473 audaci
1057 3399 1141 3473 nisu
1157 3423 1179 3472 a
1194 3400 1362 3476 barbarie

304 3517 351 3591 ad
367 3516 630 3591 humanitatem
648 3517 732 3590 vitae
758 3518 994 3613 assurgebant
1013 3516 1131 3591 Graeci
1153 3524 1192 3591 et
1216 3521 1361 3614 magnis

152 3723 159 3728 .
304 3636 495 3709 conatibus
524 3659 563 3709 se
590 3634 829 3731 accingebant
838 3632 868 3724 ¹¹,
896 3635 935 3708 in
962 3659 1033 3733 qua
1061 3635 1227 3709 ardorem
1253 3635 1361 3710 illum

305 3753 417 3827 animi
433 3752 497 3851 qui
514 3759 641 3850 postea
656 3759 734 3825 tam
750 3753 846 3826 clara
862 3755 943 3826 luce
965 3751 1102 3827 effulsit
1119 3765 1362 3850 conceperant

306 3878 344 3946 et
368 3872 447 3967 jam
476 3869 594 3968 prima
622 3867 700 3944 vice
725 3894 833 3944 voces
863 3894 948 3944 suas
974 3870 1178 3960 tentabant,
1206 3871 1253 3944 ad
1279 3895 1363 3945 eam

307 3997 453 4064 etatem
476 3989 515 4062 in
541 4012 613 4088 qua
635 3991 795 4086 egregias
819 3987 898 4062 illas
924 3989 1028 4064 dotes
1054 4013 1077 4062 a
1101 3999 1233 4064 natura
1257 3991 1362 4064 datas

308 4131 471 4181 exserere
505 4111 542 4180 et
576 4108 679 4181 cultu
710 4131 923 4203 promovere
953 4107 1154 4180 didicerant
1176 4107 1359 4196 homines,

307 4247 375 4298 nce
391 4249 478 4297 vero
500 4225 658 4299 adhuca
678 4224 910 4322 simplicitate
934 4231 1075 4298 naturae
1090 4233 1129 4298 et
1152 4222 1362 4320 integritate

368 4399 381 4432 ¹
401 4389 572 4462 11.r.421.
934 4401 941 4410 '
974 4391 988 4426 ‘²
1008 4391 1076 4454 Vid.
1093 4375 1187 4452 Pr'aet
1204 4410 1232 4460 2,
1244 4391 1299 4454 de.
