3094 4898
565 306 781 354 nuntronio
800 306 914 354 arona.
1207 295 1269 360 147

127 461 138 486 '
213 471 418 544 sacerdotes
443 494 570 545 eorum
597 478 703 545 vocat
730 461 911 563 ὀμιλήτας
936 467 1009 542 τῶν
1031 469 1266 558 βασιλεῶν“,

212 586 366 660 honesto
387 588 534 686 quidem
552 587 669 676 titulo,
689 590 751 685 qui
774 599 898 660 tamen
922 587 966 661 iis
994 612 1068 661 non
1094 591 1187 662 male
1205 591 1266 662 de-

211 704 308 777 latus
334 712 400 791 est,
429 705 491 802 qui
517 706 644 802 patriae
670 729 745 778 suae
770 707 917 778 annales
943 707 1041 802 leges
1066 713 1103 779 et
1129 706 1291 804 religio·¹

210 845 296 894 nem
322 822 390 895 sibi
413 822 584 895 traditam
611 822 861 910 adservabant,
885 828 924 896 et
951 848 994 896 eo
1023 824 1170 897 nomine
1197 823 1266 897 sor-

209 945 306 1013 tasse
322 940 460 1014 intimis
477 964 604 1036 regum
622 939 783 1014 conciliis
801 939 1074 1014 adhibebantur.
1109 940 1266 1015 Eosdem

210 1067 342 1140 iterum
359 1073 469 1142 vocat
485 1067 614 1144 Strabo
630 1055 824 1166 περιττοὺς
843 1059 938 1142 κατὰ
956 1057 1024 1161 τὴν
1054 1061 1267 1163 ἐπιστήμην

209 1193 285 1266 τῶν
314 1188 506 1293 οὐρανίων,
516 1183 735 1289 .μυστικοῦς
759 1187 798 1268 δὲ
831 1192 892 1269 καὶ
923 1187 1262 1289 duo-peraddrovr'.

210 1311 351 1388 Omnes
381 1314 491 1411 igitur
520 1339 595 1389 uno
626 1340 688 1388 ore
722 1315 767 1388 de
794 1314 1032 1412 Philosophia
1066 1340 1193 1389 eorum
1227 1323 1266 1390 et

208 1431 357 1504 scientia
379 1431 416 1504 in
433 1457 563 1528 genere
588 1435 810 1532 loquuntur3
838 1432 981 1530 parcius
1007 1440 1131 1506 autem
1154 1455 1264 1526 quam

208 1548 328 1620 eaeteri
352 1547 574 1638 Herodotus,
594 1551 697 1648 cujus
721 1549 920 1623 authoritas
948 1550 987 1622 in
1009 1549 1078 1622 hac
1102 1575 1141 1622 re
1163 1573 1263 1623 max-

208 1665 281 1737 ima
298 1671 376 1753 est3
409 1666 497 1761 quid
514 1677 636 1740 autem
661 1667 699 1739 in
716 1666 964 1765 Philosophia,
984 1666 1022 1740 in
1040 1666 1261 1756 Geometria,

207 1789 245 1854 et
278 1781 515 1857 Astronomia
551 1783 779 1881 profecerint,
815 1807 896 1878 quae
931 1783 1171 1858 Theoremata
1208 1785 1264 1858 in-

206 1902 384 1990 venerint,
416 1901 628 1998 singulatim
655 1901 717 1974 vix
747 1901 938 1999 quisquam
969 1901 1119 1998 exponit
1129 1911 1153 1976 1.
1207 1902 1264 1976 De

207 2015 414 2091 Geometria
446 2019 570 2091 nullus
606 2018 875 2092 controversiae.
890 2020 992 2092 locus
1021 2026 1088 2106 est,
1122 2019 1152 2092 si
1186 2019 1262 2116 qui-

153 2221 159 2228 ·
205 2129 286 2202 dem
313 2155 441 2204 verum
467 2131 526 2218 sit,
546 2130 788 2228 Pythagoram
805 2131 1076 2228 Propositiones
1101 2131 1263 2206 Euclidis

205 2255 342 2320 xxx11.⁸
365 2255 403 2322 et
425 2257 563 2322 xnv11.²
586 2251 668 2323 libri
695 2249 801 2347 primi
830 2250 1020 2322 invenisse.
1072 2249 1262 2323 Thaletem

203 2372 327 2438 autem
347 2366 534 2441 Milesium
554 2367 712 2464 primum
730 2366 961 2464 descripsisse
978 2367 1017 2440 in
1034 2367 1260 2442 semicirculo

203 2485 427 2580 triangulum
444 2477 732 2580 rectangulum'l.
767 2495 776 2513 '

252 2599 402 2675 Fuerint
423 2603 537 2698 igitur
553 2602 722 2700 AEgyptii
738 2626 805 2700 pro
832 2601 903 2675 illis
921 2601 1146 2700 temporibus
1164 2601 1258 2698 sapi-

190 2719 381 2792 entissimi
405 2718 615 2792 mortalium
628 2727 652 2809 ⁰,
670 2719 710 2791 in
726 2720 799 2792 vita
816 2717 912 2792 civili
938 2724 976 2790 et
999 2718 1145 2816 politica
1161 2719 1259 2814 quod

201 2842 239 2908 et
265 2835 341 2931 ipse
365 2837 502 2908 latetur
519 2835 731 2909 Herodotus
757 2859 908 2908 suorum
933 2835 1128 2932 aequalium
1153 2835 1257 2909 sacile

200 2951 548 3050 principeS,sue1int
572 2952 602 3024 si
626 2953 745 3050 placet
768 2952 1007 3049 philosophiae
1032 2952 1143 3024 dediti
1156 2983 1165 3039 ;
1194 2953 1258 3025 sed

198 3069 335 3166 inipso
352 3069 589 3168 philosophiae
607 3068 730 3142 limine
747 3069 952 3143 substitisse
970 3069 1147 3143 videntur.
1199 3069 1256 3144 Ex

199 3211 270 3290 usu
304 3191 342 3260 et
375 3186 593 3284 experientia
626 3185 815 3260 scientiam
856 3211 960 3260 suam
994 3210 1140 3260 omnem
1168 3211 1255 3260 con-

238 3387 251 3411 ¹
274 3377 391 3451 Strabo,
406 3379 425 3438 l.
441 3377 511 3437 xvii.
527 3399 557 3459 p.
574 3381 642 3459 787.
747 3397 812 3439 este
825 3377 961 3437 affirmat.
996 3381 1068 3435 οὗτοι
1081 3382 1132 3452 γὰρ
1147 3382 1252 3453 ἀρχαιό-

238 3465 250 3490 ²
271 3457 361 3530 lbid,
376 3479 404 3534 p.
419 3463 486 3516 806.
748 3484 820 3517 raros
840 3462 962 3516 dorcadum
981 3457 1052 3528 εἶναι,
1067 3465 1151 3530 νόμων
1168 3461 1197 3515 δὲ
1212 3483 1253 3515 τε·

238 3537 320 3596 'Aii
330 3537 450 3616 quidem
461 3535 641 3598 Aristoteles
652 3539 705 3598 Sn-
746 3541 879 3613 τυχήχασι
911 3541 953 3596 καὶ
980 3540 1078 3608 τάξεως
1108 3542 1251 3609 πολιτικῆς,

198 3615 335 3676 cerdotes
429 3615 530 3753 yptios
564 3621 703 3696 tanquam
747 3618 935 3677 l.vii.c.10.

197 3695 267 3754 vitre
287 3695 390 3755 otiosa)
424 3717 440 3754 e
463 3694 521 3754 itos
541 3701 622 3756 ortes
638 3697 704 3756 Ma-
785 3705 794 3728 ¹
815 3695 945 3754 Procius
958 3695 991 3752 in
1006 3693 1125 3752 Meum.

197 3773 374 3834 thematicas
394 3774 590 3852 excogitasse.
635 3777 703 3834 Me·
784 3783 796 3807 ¹
816 3777 877 3836 Dio
899 3819 904 3832 .
924 3775 1030 3846 ,Laera
1052 3775 1085 3831 in
1114 3771 1169 3830 We.
1192 3771 1251 3850 Py.

196 3853 266 3933 toph
287 3876 322 3928 a,
336 3854 356 3912 l.
371 3856 390 3913 i.
406 3873 431 3913 c.
447 3873 471 3912 r.
508 3853 589 3930 Quid
602 3861 703 3914 autem
744 3855 843 3932 tlaq.,·
864 3795 990 3913 Procles
1004 3853 1035 3910 in
1050 3853 1158 3910 Locum
1166 3871 1178 3915 ,·
1204 3851 1250 3909 Υἱ-

196 3876 348 4011 inteiiigat
366 3953 421 4026 per
439 3938 519 3992 artes
534 3931 702 3994 Mathema-
743 3943 832 4004 trun,
854 3933 874 3992 l.
900 3933 940 3992 ix.
964 3951 989 3990 c.
1017 3949 1050 3998 23
1082 3931 1251 4004 Attenuat,

196 4013 279 4080 ticos,
294 4017 347 4072 aut
367 4033 398 4071 rn
433 4020 559 4073 uantum
579 4031 629 4072 eas
649 4034 701 4074 ex·
742 4014 762 4074 l.
777 4035 808 4072 x.
824 4033 848 4072 e.
864 4034 893 4088 4,
908 4031 944 4072 ec
954 4009 1132 4090 Apollodoro
1145 4010 1251 4069 Aratt-

195 4091 394 4169 cogitaverint
449 4093 545 4170 gyptii
566 4113 627 4153 non
649 4113 701 4152 ex·
743 4096 854 4153 metito.

195 4171 292 4250 ponit.
327 4173 365 4230 In
379 4171 512 4232 Politicis
527 4173 702 4251 praetermit
782 4171 902 4253 l’Diop
919 4171 1018 4231 Luertss
1034 4171 1068 4230 in
1089 4168 1146 4228 Vir.
1163 4167 1248 4228 Tlol.

195 4249 239 4333 tit
258 4249 316 4310 alia
338 4250 391 4311 sed
413 4251 529 4328 Legum
549 4257 580 4311 et
599 4251 702 4312 Civilis
782 4260 794 4288 ⁰
815 4254 903 4313 Diod.
922 4253 993 4324 stu,
1007 4251 1060 4310 tte.

194 4328 312 4409 imperii
332 4329 501 4409 antiquitus
521 4351 573 4390 eos
587 4331 701 4408 peritos

693 4429 755 4498 ι2
