3058 4902
298 921 648 1015 PRAELECTIO
685 919 1288 1014 Vlonsma-SEOUNDA.

668 1169 919 1179 ——

264 1337 464 1480 EADEM
495 1334 671 1408 brevitate
701 1359 775 1430 qua
803 1334 957 1431 primam
994 1359 1098 1408 suam
1130 1336 1174 1407 de
1205 1337 1319 1409 mori-

352 1457 421 1528 bus
463 1451 620 1524 Poeticis
663 1452 824 1546 regulam
869 1451 1062 1547 descripsit
1101 1451 1319 1526 Aristoteles

263 1572 526 1644 secundamt
487 1567 647 1663 attingit
702 1567 891 1673 Δεύτερον
921 1567 1034 1649 δὲ
991 1606 1039 1650 τα
1066 1569 1315 1674 ἁρμόττοντα·

264 1705 347 1783 ἐστὶ
365 1700 438 1807 γὰρ
458 1699 628 1804 ἀνδρεῖον
652 1696 723 1799 μὲν
748 1696 791 1779 τὸ
817 1696 919 1798 ἦθος,
939 1697 1026 1778 ἀλλ’
1046 1698 1112 1778 οὐκ
1129 1695 1320 1802 ἁρμόττον

263 1835 421 1935 γυναικὶ,
442 1828 484 1911 τὸ
503 1828 677 1935 ἀνδρείαν
690 1827 718 1927 ἤ
732 1824 856 1928 δεινὴν
874 1823 998 1909 εἶναι’.
1051 1837 1175 1912 Mores
1194 1837 1232 1910 in
1250 1863 1319 1911 suo

263 1981 392 2052 genere
409 1957 524 2029 bonos
542 1979 620 2028 esse
646 1954 746 2050 prius
760 1955 932 2049 jusserat,
950 1955 1090 2027 etenim
1113 1979 1230 2052 neque
1248 1955 1318 2028 bn-

263 2097 370 2144 mana
388 2074 503 2144 virtus
529 2097 647 2168 neque
673 2072 897 2168 singularum
922 2097 1161 2168 personarum
1178 2083 1265 2170 apta
1280 2081 1320 2146 et

263 2196 434 2261 constans
451 2187 554 2260 babit
556 2188 629 2261 udo
647 2187 767 2284 effingi
792 2195 915 2285 potest
941 2188 1010 2262 nisi
1036 2197 1178 2262 servata
1194 2213 1318 2262 rerum

264 2305 405 2378 ratione
423 2330 503 2402 quae
526 2329 569 2376 ex
587 2303 739 2376 diversis
758 2303 948 2376 hominnm
965 2317 1003 2378 et
1020 2307 1104 2379 vitae
1126 2306 1319 2402 generibus

265 2421 435 2496 exoritur.
489 2421 579 2494 Haec
596 2432 719 2493 autem
736 2422 829 2493 ratio
846 2420 981 2517 dispari
1002 2424 1112 2496 modo
1128 2426 1318 2520 componi-

265 2559 325 2620 tur
352 2553 463 2644 prout
493 2547 552 2618 vei
582 2548 724 2618 nativos
753 2545 865 2617 animi
894 2546 1047 2620 affectus
1077 2555 1228 2644 spectat,
1260 2550 1320 2622 vel

264 2663 408 2737 babitus
426 2687 496 2736 usu
517 2661 687 2747 adscitos,
706 2662 765 2733 vel
787 2667 931 2733 aetatem
949 2668 987 2734 et
1011 2687 1152 2753 sexum,
1170 2666 1230 2738 vel
1245 2664 1319 2737 sor·

264 2792 372 2853 tunes
413 2780 526 2875 gradu
565 2785 631 2851 ant
669 2779 789 2875 specie
823 2777 994 2852 diversas.
1061 2780 1217 2854 Necesse
1249 2781 1321 2854 erit

266 2898 385 2971 Poetae
415 2921 488 2970 non
518 2902 664 2969 tantum
696 2895 889 2966 humanam
920 2899 1129 2970 naturem'
1119 2922 1157 2970 m
1187 2921 1319 2993 genere

265 3011 515 3110 contemplari,
535 3012 597 3084 sed
619 3012 773 3083 interius
797 3011 904 3083 etiam
926 3011 1100 3110 indagare
1118 3015 1269 3088 hasoe'
1241 3038 1318 3087 srve

265 3140 384 3226 partes
412 3129 489 3224 ejus
520 3127 595 3200 sive
623 3127 760 3224 species
787 3128 864 3200 sive
892 3127 1111 3203 differentias
1139 3132 1319 3227 appellare

265 3245 391 3332 mavis,
423 3271 509 3319 cnm
544 3244 581 3316 in
612 3245 688 3316 vita
722 3251 820 3316 certe
855 3245 977 3317 locum
1008 3247 1145 3320 babent
1173 3257 1210 3319 et
1239 3270 1319 3318 cam

265 3364 445 3437 coloribus
472 3387 546 3436 non
562 3361 727 3434 obscuris
751 3361 991 3456 distinguunt.
1044 3363 1132 3438 Huc
1153 3371 1319 3461 spectant

265 3487 351 3577 apta
370 3487 407 3553 et
424 3479 603 3575 elegantia
620 3478 764 3550 Horat'
724 3485 767 3550 trr
783 3479 915 3551 verba:
908 3511 967 3532 ·—

388 3634 642 3714 “Mobilibuaque
657 3633 747 3694 decor
757 3633 877 3694 naturis
891 3633 1008 3694 dandus
1022 3647 1054 3694 et
1067 3635 1188 3709 annis,''

266 3768 372 3841 Poesi
389 3767 527 3841 scilicet
543 3765 608 3839 has
630 3788 870 3898 personamrn
887 3765 985 3839 vices
1002 3767 1164 3840 servanti
1182 3766 1321 3840 aceedit

266 3887 383 3959 forma
400 3893 435 3956 et
452 3883 550 3956 nitor
568 3908 612 3956 ex
630 3881 790 3979 propiori
809 3881 893 3954 vitae
910 3882 1125 3956 imitatione.

318 4002 431 4087 Quod
455 4001 500 4075 ad
528 4001 680 4074 affectus
706 4005 744 4072 ct
769 3997 871 4071 habit
856 4003 916 4072 tus
939 3998 1071 4073 attinet
1092 4025 1186 4097 opus
1212 4025 1321 4074 suum

267 4121 329 4190 ino
307 4118 424 4215 gredit
408 4127 470 4192 utr
483 4119 597 4192 Poeta
614 4115 723 4190 nullis
741 4116 815 4188 fere
829 4115 972 4211 legibus
985 4116 1191 4192 adstrictus.
1223 4116 1321 4192 Con·

681 4289 806 4361 ¹Poet.‚
820 4307 845 4347 c.
865 4305 909 4364 15·
