3058 4902
280 313 346 376 δα)
549 322 758 370 Pnrssnuowo
778 323 1016 372 Ductus-ocu
1026 325 1077 372 ΡΑ.

280 473 359 568 ipsa
382 471 546 568 personis
569 482 606 546 et
629 472 791 545 moribus
812 473 888 545 suis
912 473 1039 546 orbata
1061 473 1184 547 minus
1202 476 1339 549 valent.

281 587 321 660 Si
347 588 415 660 viri
441 587 545 660 sortis
570 599 608 660 et
632 587 787 661 animosi
813 587 981 661 interitus
1011 599 1173 662 mentem
1197 597 1339 686 tangat,

279 710 319 776 at
340 702 456 778 multo
474 705 589 800 mogis
607 704 767 777 Patrocli
787 703 968 791 interitus,
988 704 1150 778 honestae
1170 712 1209 779 et
1224 707 1339 780 mitis-

280 818 379 892 simae
401 819 533 892 indolis
556 819 624 892 viri
649 829 686 893 et
708 819 851 893 Achille
871 821 989 893 amico
1011 845 1086 893 non
1109 821 1268 917 indigni;
1299 829 1340 896 at

279 940 397 1012 multo
414 937 528 1034 magis
542 936 722 1025 Hectoris,
738 939 863 1033 patriae
883 961 959 1010 suae
974 938 1266 1034 propugnatoris,
1281 950 1340 1012 tot

280 1054 485 1128 domesticis
502 1059 540 1127 et
556 1053 709 1150 publicis
726 1053 925 1130 virtutibus
944 1053 1074 1128 ornati.
1128 1054 1255 1152 Siquid
1271 1055 1338 1128 hn-

279 1172 363 1244 beat
380 1171 419 1242 in
439 1195 478 1242 se
496 1169 650 1266 jucundi
670 1169 792 1243 subita
811 1177 975 1266 cognatae
998 1193 1162 1266 personae
1186 1171 1338 1266 agnitio,

280 1286 466 1386 pulchrior
500 1296 623 1359 tamen
657 1297 715 1359 est
744 1285 889 1382 Ulyssis
922 1285 1059 1382 agnitio
1088 1291 1174 1383 post
1206 1287 1340 1382 viginti

281 1427 395 1476 annos
421 1403 459 1474 in
477 1401 633 1497 patriam
654 1403 800 1489 reversi,
819 1408 876 1475 tot
901 1401 1087 1475 laboribus
1109 1407 1206 1474 terra
1228 1403 1340 1476 mari-

280 1543 351 1616 que
368 1518 516 1591 exactis.
572 1516 641 1592 Hae
657 1517 780 1612 itaque
801 1517 1034 1591 nobilissimae
1050 1517 1198 1591 Fabulae
1215 1527 1340 1615 partes

281 1619 399 1730 neque
425 1632 609 1730 propriam
642 1633 777 1706 babent
806 1633 1017 1730 dignitatem
1052 1659 1169 1730 neque
1197 1635 1341 1731 justam

280 1749 357 1823 vim
373 1751 404 1823 si
422 1750 573 1823 seorsim
589 1773 611 1821 a
633 1751 798 1846 personis
822 1751 897 1822 suis
920 1751 1202 1848 conspiciantur,
1220 1775 1341 1848 neque

281 1877 356 1941 tam
385 1868 424 1940 in
453 1891 575 1940 rerum
603 1865 777 1940 varietate
807 1890 915 1964 quem
945 1867 984 1939 in
1011 1867 1118 1940 variis
1148 1867 1342 1942 hominum

254 2013 259 2022 ·
280 1983 479 2058 virtutibus
505 1989 544 2056 et
559 1984 659 2056 vitiis
683 1989 721 2056 et
746 2007 871 2057 eorum
896 1982 1172 2079 cognationibus
1188 1984 1283 2057 inter
1300 2009 1341 2058 se

281 2097 540 2197 permiscendis
557 2099 642 2171 vitae
661 2098 829 2171 bumanre
849 2099 996 2172 fortuna
1013 2123 1051 2173 se
1068 2111 1223 2186 exercet,
1242 2101 1342 2174 unde

282 2239 418 2312 paucos
435 2240 513 2290 esse
531 2215 582 2288 ait
593 2212 834 2289 Aristoteles¹²
847 2240 1001 2312 quorum
1019 2216 1168 2289 fortuna
1180 2215 1343 2312 Tragioe

282 2331 387 2406 Poesi
414 2339 512 2405 recte
547 2331 675 2428 subjici
703 2339 836 2428 potest,
864 2357 940 2405 non
967 2345 1043 2407 tam
1070 2333 1109 2406 in
1136 2331 1225 2428 ipsis
1253 2333 1343 2406 vitae

282 2451 425 2525 casibus
452 2472 563 2549 quam
591 2451 630 2521 in
660 2448 867 2523 hominibus
897 2450 960 2547 qui
993 2449 1063 2523 illis
1094 2449 1341 2546 subjiciuntur

283 2567 356 2642 vim
372 2566 573 2663 Tragoedias
589 2589 740 2662 ponens.
780 2565 1048 2640 Perlustramus
1064 2567 1185 2662 itaque
1202 2567 1339 2640 nudam

282 2709 404 2758 rerum
430 2683 559 2756 seriem
589 2688 627 2755 et
653 2685 835 2778 graviores
862 2682 945 2756 vitae
972 2707 1077 2756 casus
1108 2683 1341 2779 deploramus

282 2807 458 2897 tanquam
470 2801 508 2871 in
526 2797 657 2896 quibus
673 2805 695 2836 “
707 2798 858 2872 humani
874 2797 966 2872 nibil
982 2799 1140 2870 alienum
1158 2801 1254 2872 est.”
1290 2800 1343 2872 At

282 2917 346 2989 ubi
362 2917 401 2988 in
415 2916 483 2988 bac
500 2917 591 2988 serie
609 2915 760 3012 singulis
778 2915 941 3012 personis
958 2912 1105 3010 ingenio
1123 2922 1161 2986 et
1177 2916 1342 2988 moribus

282 3042 320 3106 et
337 3031 545 3105 conditione
561 3030 645 3105 vitae
668 3033 763 3104 inter
781 3056 819 3104 se
836 3032 1056 3105 distantibus
1077 3054 1144 3104 sua
1161 3029 1344 3105 destinata

283 3147 416 3222 luerint
439 3149 519 3221 loca
544 3156 582 3222 et
606 3147 738 3242 agendi
754 3150 852 3222 vices
875 3154 957 3222 tum
975 3149 1123 3221 demum
1138 3171 1224 3219 vere
1243 3148 1286 3220 fit
1303 3155 1342 3220 et

284 3264 437 3361 pulchra
452 3263 537 3338 vitae
553 3265 684 3360 imago.

334 3381 403 3453 Sed
429 3405 545 3479 neque
570 3406 634 3478 per
651 3405 690 3455 se
716 3381 803 3455 satis
829 3380 983 3478 intelligi
1008 3389 1163 3476 possunt
1188 3393 1224 3456 et
1242 3382 1339 3478 diju-

285 3497 396 3571 dicari
418 3521 540 3570 rerum
565 3503 727 3570 eventus.
781 3499 836 3570 Ex
854 3498 1021 3572 Moribus
1042 3498 1140 3582 enim
1166 3505 1342 3594 tanquam

284 3639 330 3688 ex
347 3614 509 3687 fontibus
534 3621 573 3687 et
598 3613 717 3688 causis
743 3613 818 3687 suis
843 3615 1033 3711 profluunt
1057 3613 1208 3687 consilia
1232 3625 1342 3712 atque

285 3731 415 3804 exinde
439 3731 568 3826 agendi
594 3754 721 3804 norma
751 3737 790 3804 et
816 3730 931 3818 ratio;
959 3756 1004 3805 ex
1030 3731 1195 3827 personis
1219 3731 1344 3828 itaque

285 3848 476 3922 hominum
502 3848 661 3946 pendent
677 3848 904 3944 privatorum
923 3859 1033 3945 atque
1049 3847 1160 3921 etium
1176 3851 1342 3945 gentium

286 3963 372 4052 sata,
385 3973 423 4037 et
435 3966 481 4038 ab
493 3965 536 4038 iis
549 3977 736 4060 reguntur.
768 3965 916 4038 Frustra
925 3965 1119 4038 Actionem
1130 3963 1246 4062 ipsam
1256 3989 1341 4038 con·

287 4082 506 4176 templamur
532 4082 601 4154 nisi
619 4089 654 4154 et
680 4083 740 4153 ille
756 4082 869 4154 etiam
886 4080 949 4179 qui
965 4082 1042 4177 agit
1068 4079 1175 4154 simul
1199 4081 1238 4154 in
1255 4107 1341 4156 con·

287 4205 453 4291 spectum
480 4199 595 4271 cadat.
651 4197 748 4271 Hinc
771 4223 815 4270 ex
842 4223 962 4272 rerum
988 4201 1173 4294 gestarum
1194 4197 1340 4294 indaga·

697 4337 708 4370 ὴ
730 4339 822 4404 Poel..
838 4359 862 4396 c.
885 4357 927 4412 ¹3¹
