3058 4908
471 356 683 407 ramraorro
705 355 1003 417 onorata-omnm.
1195 345 1260 410 259

209 505 296 579 belli
313 505 445 580 formas
462 505 500 580 in
518 532 556 581 se
573 506 684 579 habet
705 505 866 602 legitima
882 511 939 580 est
955 515 991 578 et
1008 503 1162 602 simplex
1180 528 1259 576 nar·

209 625 327 712 ratio;
364 625 403 697 in
436 649 517 722 qua,
548 625 644 719 quod
679 625 876 697 maximum
904 631 971 710 est,
1001 623 1188 696 diversitas
1218 646 1260 696 ea

210 765 447 838 personarum
477 751 586 835 atque
617 741 819 828 hominum,
849 739 911 837 qui
945 765 1030 814 cum
1061 739 1193 836 singuli
1221 739 1260 811 in

211 881 278 931 suo
295 883 424 954 genere
441 867 653 955 praestantes
677 865 773 944 sunt,
791 859 940 954 ingenio
958 869 1080 931 tamen
1098 869 1133 930 et
1150 858 1259 930 mori-

209 975 279 1049 bus
309 983 345 1050 et
375 976 523 1050 scientia
552 983 589 1048 et
617 975 753 1048 virtute
783 976 878 1048 inter
907 999 946 1047 sc
974 977 1081 1071 longe
1110 975 1257 1061 distant,

211 1093 370 1190 spatium
388 1093 497 1166 habet
518 1093 556 1165 in
574 1117 645 1190 quo
664 1093 801 1189 jactare
820 1117 858 1166 se
881 1100 918 1164 et
935 1099 1114 1165 ostentare
1131 1092 1257 1187 possit.

211 1208 296 1284 Sive
322 1235 448 1284 eorum
473 1211 512 1283 in
534 1210 686 1284 concilio
712 1197 1001 1284 sententias‘seu
1026 1209 1177 1283 inbelle
1202 1233 1259 1282 res

210 1336 330 1423 gestas
359 1329 519 1425 requiras
548 1351 615 1401 sua
644 1328 775 1425 cuique
803 1351 877 1401 non
908 1328 1010 1400 deest
1039 1325 1193 1414 occasio,
1222 1333 1259 1398 et

210 1468 293 1517 cum
320 1446 440 1518 caeteri
465 1468 591 1518 omnes
617 1451 765 1519 strenue
790 1452 828 1540 et
853 1445 1005 1539 viriliter
1029 1455 1150 1542 partes
1175 1467 1259 1534 suas

209 1572 335 1657 agunt,
351 1562 477 1660 primae
494 1571 616 1634 tamen
635 1562 681 1634 ad
699 1563 880 1636 Achillem
898 1562 1008 1635 tacite
1026 1563 1258 1648 deseruntur3

209 1679 313 1754 illum
330 1690 503 1776 tanquam
520 1679 717 1754 terminum
735 1679 803 1753 alia
825 1680 947 1754 omnia
962 1679 1169 1777 respiciunt.
1220 1677 1260 1751 Si

210 1802 361 1892 Hector,
377 1804 574 1900 Sarpedon,
589 1812 626 1877 et
639 1805 773 1878 AEneas
786 1805 973 1902 auspicato
990 1807 1029 1878 in
1045 1829 1168 1902 pugna
1179 1829 1258 1878 ver·

209 1932 346 2009 santur,
365 1921 425 1993 ille
442 1922 481 1993 in
498 1944 608 1994 causa
625 1928 691 1996 est.
745 1921 784 1994 Si
802 1922 1067 2018 Agamemnon,
1087 1923 1258 2019 Tydides

208 2038 371 2137 Ulysses,
401 2038 496 2135 Ajax
526 2050 563 2112 et
590 2039 709 2113 caeteri
739 2039 947 2114 Graecorum
975 2042 1084 2114 duces
1114 2063 1260 2114 necesse

207 2156 343 2229 habent
376 2154 470 2230 vires
504 2181 589 2231 suas
628 2155 781 2254 experiri
817 2165 855 2230 et
894 2157 932 2230 in
966 2156 1065 2230 omni
1102 2156 1260 2230 bellandi

206 2299 336 2370 genere
353 2299 392 2348 se
411 2299 586 2365 exercere,
602 2287 640 2380 at
652 2276 795 2350 Achille
812 2276 960 2349 absente
976 2277 1054 2350 haec
1071 2283 1257 2371 geruntur.

207 2391 253 2464 ln
270 2392 430 2489 ancipiti,
449 2403 493 2467 ut
517 2417 583 2490 par
601 2405 668 2481 est,
688 2394 750 2468 diu
776 2395 888 2468 haeret
904 2395 1055 2467 victoria
1071 2395 1134 2468 ubi
1159 2395 1258 2490 prin·

207 2510 305 2606 cipes
321 2510 390 2583 viri
407 2512 501 2584 inter
520 2535 559 2584 se
577 2512 710 2609 aequati
727 2519 824 2586 sunt.

257 2628 300 2701 L.
318 2628 375 2701 16.
405 2628 477 2702 Sed
493 2654 580 2702 mox
597 2628 674 2726 ipse
697 2630 744 2704 ad
767 2629 948 2726 agendum
966 2628 1174 2727 proditurus
1191 2636 1257 2703 est.

207 2743 262 2818 Eo
279 2769 395 2843 usque
406 2748 529 2820 valent
541 2746 696 2821 Patrocli
713 2771 836 2845 preces
855 2755 897 2820 ut
914 2746 974 2820 ille
986 2746 1138 2819 Achillis
1155 2748 1258 2844 quasi

208 2886 400 2960 personam
417 2865 566 2940 induere
582 2865 754 2962 jubeatur
771 2871 809 2938 et
826 2864 947 2964 copias
970 2865 1048 2962 ejus
1066 2865 1104 2937 in
1120 2865 1257 2938 bellum

206 2982 370 3070 educere,
388 2992 496 3078 atque
520 2983 590 3056 hoc
614 2983 653 3056 in
670 2985 733 3056 illo
749 2984 924 3081 temporis
949 2982 1102 3056 articulo
1128 2983 1257 3079 inquo

205 3123 280 3174 una
306 3123 350 3172 ex
368 3099 522 3173 navibus
548 3101 630 3196 igne
657 3101 814 3174 exardet.
867 3101 953 3174 Jam
970 3125 1056 3174 vero
1072 3125 1255 3174 versare·

205 3241 286 3290 rum
312 3217 401 3290 facie
430 3215 616 3315 Sarpedon
645 3216 684 3290 in
710 3219 833 3314 praelio
863 3218 1059 3292 occumbit.
1110 3217 1257 3318 Trojani
1346 3277 1350 3286 .

204 3334 384 3432 praecipiti
400 3334 487 3431 suga
503 3343 602 3408 retro
620 3343 780 3431 aguntur
797 3346 833 3409 et
849 3335 912 3409 vix
937 3336 1005 3410 sub
1023 3335 1109 3434 ipsis
1127 3336 1255 3410 moeni-

205 3448 274 3525 bus
299 3476 461 3548 pugnam
487 3452 690 3526 instaurant
702 3485 711 3541 ;
738 3455 886 3527 tandem
911 3453 950 3526 in
967 3454 1038 3529 hoc
1062 3453 1256 3528 certamine

206 3567 378 3643 Hectoris
407 3593 519 3642 manu
554 3570 617 3643 sed
645 3570 827 3668 Apollinis
857 3569 1024 3668 auspiciis
1059 3571 1156 3645 cadit
1185 3570 1254 3642 Pa-

205 3685 355 3760 troclus.

255 3801 297 3876 L.
316 3803 371 3875 17.
399 3801 478 3876 Nec
495 3827 581 3877 vero
599 3803 660 3877 ille
676 3803 715 3877 in
732 3805 811 3902 ipsa
827 3815 945 3877 morte
967 3804 1254 3877 contemnendus

204 3930 273 3992 est.
308 3918 375 3992 Est
392 3917 489 3992 enim
502 3919 657 3994 Achillis
675 3944 896 4017 praecursor:
924 3921 1047 4016 itaque
1064 3920 1160 3993 circa
1177 3944 1252 3994 cor-

203 4060 274 4133 pus
287 4037 365 4132 ejus
377 4036 550 4110 acerrima
562 4037 724 4112 exoritur
736 4062 871 4134 pugna,
886 4037 990 4111 istius
1003 4035 1143 4134 generis
1156 4038 1253 4134 quod

203 4148 374 4257 ὤθισμον
400 4166 518 4241 Graeci
547 4167 835 4242 vocant-lna
858 4167 964 4242 Liber
991 4168 1030 4241 in
1055 4168 1124 4262 hac
1152 4174 1252 4243 totus

202 4291 381 4373 versatur,
408 4285 446 4358 in
476 4309 548 4382 qua
571 4285 714 4381 Ajaces‚
740 4285 941 4374 Menelaus,
966 4285 1186 4361 Antilochus
1216 4293 1254 4360 et

203 4398 345 4474 Hector
362 4401 606 4499 principatum
624 4403 771 4477 habent.

704 4523 761 4593 s2
