3058 4902
301 307 367 371 334
607 313 821 364 ramnrcrro
849 312 1021 362 arcuerim.

302 465 392 538 Hacc
415 465 538 561 itaque
562 486 690 537 norma
714 463 753 534 in
769 486 845 535 uno
869 465 935 534 aut
960 461 1075 534 altero
1100 460 1255 535 consilio
1280 463 1362 558 ple·

303 605 454 678 rumque
470 605 509 654 se
525 579 656 676 prodit,
670 601 694 650 a
709 576 833 650 multis
846 582 968 650 autem
985 577 1110 650 abesse
1126 601 1203 650 non
1218 584 1356 674 potest

302 697 422 770 Causa
439 697 529 770 adeo
546 693 675 792 agendi
692 699 730 765 et
745 693 829 765 finis
849 692 889 765 in
904 714 1125 789 unoquoque
1142 693 1292 766 homine
1308 694 1358 766 ad

301 814 381 911 ejus
405 813 581 886 rationem
598 810 682 884 vitae
708 834 775 882 nos
795 807 955 896 deducit,
973 818 1011 882 et
1037 809 1187 906 proinde
1212 810 1260 883 ad
1275 809 1359 882 illos

302 953 420 1002 mores
450 927 525 1001 sive
559 927 707 1000 habitus
736 924 799 1021 qui
828 925 1003 998 rationem
1034 926 1120 996 vitae
1153 930 1286 1020 regunt
1319 933 1360 997 et

301 1041 489 1135 effingunt.
541 1038 633 1111 Haec
659 1037 781 1110 omnia
803 1042 907 1109 extra
929 1036 1045 1132 ipsam
1067 1036 1247 1109 actionem
1267 1044 1360 1109 sunt

303 1156 402 1230 etin
429 1180 468 1227 re
493 1153 635 1251 poetica
660 1163 762 1226 extra
785 1153 943 1225 fabulam
968 1151 1039 1224 nisi
1065 1158 1245 1250 quatenus
1272 1177 1359 1248 per-

304 1296 411 1347 sonas
434 1278 473 1344 et
494 1295 610 1344 mores
632 1270 822 1342 hominum
847 1268 969 1344 fabula
989 1268 1027 1340 in
1051 1292 1090 1340 sc
1114 1271 1223 1366 capit.
1275 1268 1360 1342 Nec

305 1413 391 1462 vero
409 1411 554 1460 necesse
571 1394 627 1460 est
642 1387 788 1480 longam
805 1385 916 1480 hujus
939 1382 991 1456 rei
1007 1383 1251 1458 incensionem
1266 1383 1362 1457 inire

306 1511 344 1578 et
360 1503 587 1599 singulorum
604 1500 754 1574 consilia
770 1500 850 1572 fuse
866 1523 1070 1598 exponere3
1097 1500 1168 1573 hoc
1187 1499 1285 1572 enim
1301 1507 1363 1574 cst

305 1622 484 1694 actionem
509 1625 546 1694 ct
569 1620 730 1694 fabulam
755 1620 937 1693 deserere:
965 1618 1140 1692 tentanda
1162 1629 1218 1691 est
1242 1619 1361 1715 magis

306 1748 406 1811 arcta
434 1748 469 1810 et
504 1736 688 1833 implicata
722 1736 850 1809 harum
882 1736 1043 1832 partium
1076 1735 1171 1809 inter
1204 1759 1243 1809 se
1273 1760 1362 1810 con-

307 1852 469 1926 sociatio.

356 1969 413 2042 Ac
440 1969 555 2063 primo
582 1967 727 2064 quidem
753 1965 792 2039 in
819 1966 936 2040 verbis
962 1972 1000 2039 et
1025 1966 1249 2041 oratiombus
1277 1992 1360 2064 per·

308 2108 404 2158 sonae
422 2083 528 2156 alicui
549 2083 732 2158 attributis
755 2083 859 2157 facile
879 2084 1050 2179 subjecta
1068 2083 1226 2157 materiae
1242 2084 1364 2158 immi-

309 2219 430 2282 scetur
463 2209 575 2281 animi
610 2207 802 2283 consilium
835 2214 873 2282 et
906 2209 1035 2305 agendi
1068 2207 1172 2282 ratio.
1221 2208 1365 2282 =Solent
1513 2253 1514 2276 r

309 2325 408 2398 enim
424 2325 590 2399 homines
616 2349 662 2397 ex
687 2326 812 2398 eadem
836 2349 876 2398 rc
900 2325 1043 2398 diversa
1067 2331 1284 2420 argumenta
1300 2327 1365 2400 de-

309 2465 484 2538 promere,
501 2442 561 2513 vcl
578 2442 709 2514 saltem
734 2464 846 2538 super
862 2442 988 2514 eadem
1014 2465 1053 2513 re
1078 2442 1229 2514 diversis
1253 2463 1364 2538 argu-

309 2557 443 2630 mentis
461 2556 528 2644 uti,
549 2557 638 2630 dum
664 2557 849 2630 submittit
874 2556 943 2630 sibi
968 2581 1025 2630 res
1043 2557 1141 2653 ipsas
1157 2563 1196 2632 et
1220 2558 1259 2629 in
1276 2581 1364 2631 suos

309 2699 398 2747 usus
415 2672 586 2746 transfert
612 2683 648 2746 et
674 2675 831 2746 colorem
856 2673 929 2746 illis
952 2674 1108 2746 offundit
1133 2675 1278 2747 animus
1294 2675 1364 2746 hu-

310 2814 453 2865 manus.
503 2790 691 2886 Exemplis
709 2789 780 2863 hoc
798 2789 1031 2886 comparebit.

361 2907 406 2978 In
427 2909 484 2976 1³⁰
501 2905 638 2979 Iliados
655 2906 749 2979 libro
769 2929 898 3002 pacare
915 2907 998 2979 vult
1012 2904 1150 2979 Nestor
1165 2904 1365 3002 Agamem-

311 3045 446 3095 nonem
473 3031 510 3094 et
534 3007 719 3094 Achillem
742 3020 838 3098 inter
863 3045 903 3094 se
925 3022 1162 3110 decertantes,
1186 3046 1253 3096 nec
1277 3046 1366 3097 vero

311 3136 403 3210 iram
418 3142 567 3210 tantum
584 3147 620 3210 et
637 3137 774 3211 fastum
790 3147 827 3212 ct
852 3137 935 3211 lites
960 3138 1091 3210 exinde
1116 3142 1213 3211 ortas
1230 3139 1366 3236 impro

312 3253 387 3341 bat,
406 3253 469 3326 sed
494 3253 659 3350 loquitur
674 3260 846 3350 tanquam
871 3255 932 3326 ille
949 3255 1013 3350 qui
1037 3279 1084 3326 ex
1103 3254 1304 3349 longousu
1328 3266 1367 3328 et

313 3393 393 3442 scra
419 3375 526 3442 aetate
556 3369 717 3444 didicerit
748 3371 876 3466 quanti
909 3370 957 3442 sit
993 3370 1032 3442 in
1060 3370 1137 3442 vita
1164 3376 1367 3467 temperate

313 3494 351 3558 et
368 3486 531 3558 modeste
547 3509 666 3582 agere,
685 3486 749 3583 qui
771 3484 880 3560 ctiam
897 3485 1012 3583 patris
1029 3487 1103 3560 sere
1125 3488 1209 3560 loco
1225 3489 1270 3560 ab
1287 3487 1368 3561 aliis

314 3602 517 3675 habebatur
531 3633 594 3675 z·-

473 3751 560 3808 ‘sur
574 3749 696 3809 autor·
717 3753 797 3826 aaa
811 3755 839 3808 rr
852 3754 966 3828 „arpa
980 3751 1170 3844 marrata.

314 3877 577 3973 transgreditur
610 3876 722 3974 igitur
755 3880 892 3954 nudam
931 3879 1107 3976 loquendi
1144 3879 1371 3954 occasionem

315 3994 429 4066 Poeta
444 3999 488 4068 ut
513 3993 764 4069 consiliumet
788 4019 981 4091 personam
998 3997 1165 4071 Nestoris
1190 3997 1372 4093 exprimat

317 4133 398 4206 quae
412 4111 488 4206 jam
506 4111 552 4184 ab
570 4111 641 4190 hoc
658 4121 822 4208 tempore
838 4121 921 4186 rata
936 4118 1048 4188 estet
1063 4113 1289 4188 confirmata.

738 4275 750 4312 ⁸
771 4282 814 4341 11.
829 4296 860 4342 a.
880 4300 945 4360 ²59·
