3096 4886
275 304 319 372 76
610 324 824 374 rnmrrcrrc
841 323 988 385 curura.

273 445 446 572 religione
463 480 501 548 et
517 473 658 570 legibus
682 471 856 567 originem
874 471 1043 546 habuisse
1060 469 1202 546 dicitur.
1256 468 1329 542 Ce-

273 593 360 677 reri‚·
388 590 509 674 Celeo,
539 595 577 662 et
603 587 829 682 Triptolemo
864 587 1111 661 sanctissimos
1145 583 1329 681 religionis

273 707 378 793 rituS,
413 713 451 779 et
485 704 632 800 frugum
665 702 845 776 sationem
878 704 1087 777 tribuebant
1099 719 1121 774 ο.
1186 701 1328 773 Eadem

276 822 460 926 Δημήτηρ
480 817 721 928 θεσμοφόρος
738 829 775 894 et
792 819 900 892 aratri
917 813 1124 891 inventrix*
1135 851 1198 891 2-

414 1018 432 1047 “
443 1011 543 1072 Prima
556 1011 646 1070 Ceres
659 1028 737 1070 unco
750 1003 868 1086 glebam
882 1001 1007 1063 dimovit
1019 1007 1128 1070 aratro,

444 1107 545 1168 Prima
559 1105 642 1166 dedit
655 1106 757 1182 fruges
771 1101 972 1178 alimentaque
984 1094 1072 1156 mitia
1083 1093 1183 1172 terris,

445 1202 545 1264 Prima
560 1201 643 1284 dedit
655 1200 769 1278 leges.”

276 1369 379 1456 Quin
400 1375 438 1442 ct
455 1367 631 1441 Erectheo
648 1361 854 1438 venerando
879 1358 977 1456 apud
994 1353 1236 1429 Athenienses
1261 1378 1328 1428 no-

274 1486 366 1561 mini
391 1487 430 1558 in
455 1483 632 1557 ambobus
657 1481 755 1553 hisce
776 1479 883 1552 rebus
902 1475 1101 1573 perbonos
1123 1471 1325 1558 dabatur‘3

275 1625 393 1699 neque
410 1600 479 1674 alia
496 1600 540 1672 dc
557 1621 667 1696 causo
683 1605 860 1669 vocantur
876 1583 1135 1666 Athenienses¹
1145 1619 1207 1662 :-

564 1733 652 1802 Δῆμοο
664 1730 807 1804 Ἐοοκθῆοο
819 1730 1007 1804 neumne-

273 1874 383 1948 quam
402 1850 501 1946 quod
518 1849 618 1922 hunc
634 1848 825 1922 authorem
838 1859 876 1923 et
891 1849 929 1921 in
947 1851 1042 1945 agris
1058 1849 1217 1924 colendis
1234 1861 1269 1924 et
1288 1851 1326 1923 in

274 1965 435 2040 moribus
452 1965 684 2039 instituendis
702 1964 918 2038 habuerunt.
958 1964 1040 2038 Nec
1055 1991 1143 2040 vero
1160 1967 1327 2039 omnium

275 2108 456 2158 consensu
485 2090 524 2157 et
560 2083 661 2156 nulla
698 2081 834 2155 invidia
860 2083 956 2156 hanc
985 2081 1130 2154 laudem
1164 2084 1327 2156 tulemnt

276 2199 530 2274 Athenienses.
559 2197 712 2275 Quodsi
729 2207 866 2271 caeterae
882 2203 1008 2293 gentes
1024 2198 1176 2270 candem
1187 2197 1255 2272 sibi
1268 2199 1328 2271 ad-

153 2371 156 2378 -
275 2319 462 2414 rogabant,
480 2340 555 2390 non
572 2339 688 2388 unum
707 2320 772 2388 aut
797 2316 951 2388 alterum
976 2315 1039 2386 sed
1056 2313 1226 2387 universa
1241 2313 1327 2386 Deae

277 2435 374 2507 dona
403 2434 442 2506 in
467 2455 554 2505 suos
579 2433 727 2504 annales
752 2430 1001 2520 reserebant⁸;
1027 2431 1066 2503 in
1095 2430 1165 2504 hac
1193 2429 1329 2504 scilicet

275 2549 385 2624 unica
410 2575 450 2622 re
480 2548 752 2650 consentientes
779 2548 931 2620 eandem
960 2557 998 2620 et
1023 2545 1262 2621 humanitatis
1291 2555 1329 2619 et

277 2668 508 2764 agriculturae
534 2665 707 2760 originem
727 2663 850 2737 luisse.
902 2664 958 2738 Ex
981 2663 1080 2738 hisce
1096 2663 1208 2761 igitur
1226 2663 1328 2736 Grae-

276 2808 400 2857 corum
424 2782 555 2857 sabulis
572 2783 617 2855 de
634 2780 858 2876 singularum
875 2779 1027 2854 veritate
1049 2805 1179 2878 parum
1196 2779 1327 2854 solhci-

276 2909 337 2972 tus
362 2899 453 2972 illud
479 2899 607 2972 saltem
632 2898 763 2993 colligo
788 2896 902 2993 prima
926 2896 1078 2993 hujusce
1102 2897 1154 2970 rei
1178 2895 1329 2991 vestigia

154 3084 160 3097 ,
276 3015 430 3090 Homeri
452 3021 595 3089 aetatem
612 3014 738 3088 multis
764 3015 894 3088 seculis
920 3014 1166 3088 antecessisse.
1217 3013 1329 3111 Apud

276 3131 399 3228 ipsum
416 3136 564 3227 poetam
589 3130 725 3226 passim
746 3129 975 3228 reperiuntur
990 3131 1157 3227 exempla
1181 3136 1219 3203 ct
1243 3130 1329 3202 ima-

277 3248 378 3344 gines
396 3247 483 3319 hinc
500 3246 724 3342 desumptae:
747 3272 827 3343 quae
845 3256 941 3320 certe
955 3247 986 3320 si
1003 3255 1171 3321 accurate
1188 3243 1330 3342 singula

276 3363 555 3460 perpendamus,
583 3362 671 3435 satis
698 3369 822 3459 aperte
847 3369 1031 3436 testantur
1055 3373 1169 3436 artem
1195 3363 1330 3435 hancce

277 3479 421 3554 inistis
447 3477 673 3576 temporibus
698 3479 863 3554 floruisse
892 3504 969 3554 nou
994 3479 1081 3553 exili
1110 3479 1330 3574 supellectile

278 3597 462 3686 donatam,
495 3620 614 3694 neque
646 3620 758 3693 parvo
788 3598 826 3669 in
856 3597 993 3672 honore
1022 3598 1195 3672 habitam.
1247 3595 1331 3668 Jam

277 3718 358 3789 tum
376 3738 451 3788 non
475 3712 515 3786 in
531 3737 571 3786 re
588 3714 697 3788 unica
720 3712 783 3787 sed
807 3715 847 3786 in
867 3715 993 3788 multis
1010 3716 1224 3789 versabatur
1239 3713 1332 3812 agri·

277 3833 365 3904 colae
381 3832 493 3904 labor.
545 3829 682 3905 Eadem
700 3829 774 3904 tere
792 3855 872 3928 quae
888 3833 986 3928 apud
1004 3831 1219 3908 recentiores
1237 3857 1331 3908 sere·

277 4056 784 4197 1⁰Vid.Dicd.Sic.,l.i.c.15;
865 4063 969 4180 :Vin
983 4063 1075 4126 Diod.
1089 4067 1161 4136 sia,
1176 4068 1198 4129 l.
1213 4068 1234 4130 i.
1249 4089 1276 4129 c.
1290 4095 1330 4144 ²⁹·

291 4157 341 4250 ξ
357 4147 689 4300 ῧνὲἱξόἲίοὶωηοφῆη
711 4223 732 4284 l.
755 4244 783 4284 v.
865 4143 1129 4296 lhlidd'd’idiean„
1150 4223 1171 4286 l.
1194 4225 1214 4286 i.
1238 4248 1331 4306 c.14;

279 4316 305 4356 c.
317 4317 384 4371 ³4¹·
824 4300 844 4359 l.
859 4301 919 4362 viii.
935 4323 959 4366 c.
981 4323 1012 4379 ¹4
1025 4310 1056 4365 et
1073 4327 1111 4376 ις.
