3058 4902
447 339 662 388 Ρααιαοπιο
681 340 978 390 necrus-ocrim.
1178 335 1242 400 299

183 486 354 582 subjectae
380 495 478 573 sunt,
503 511 621 584 neque
645 493 772 561 contra
797 488 859 562 illa
882 516 962 586 quae
986 490 1129 567 infinite
1155 502 1242 574 sunt

183 626 347 690 numero,
373 604 450 675 haec
476 602 574 676 enim
599 603 762 677 animum
789 606 982 702 complecti
1007 633 1081 681 non
1109 633 1239 704 posse;

183 741 303 790 veram
329 728 452 791 autern
479 718 675 792 Scientiam
704 719 741 793 in
769 719 839 792 illis
864 722 999 796 versari
1029 747 1111 822 quae
1142 724 1241 798 hisce

183 834 353 908 extremis
371 834 490 907 media
506 834 745 921 intercedunt,
766 861 846 933 quae
867 839 961 912 inter
980 864 1019 912 se
1037 841 1242 937 discrepant

183 974 251 1022 neo
276 957 399 1022 tamen
433 949 585 1037 infinite,
616 975 696 1047 quae
731 952 826 1025 inter
853 977 892 1027 se
921 955 1143 1030 conveniunt
1173 981 1241 1032 nee

182 1069 307 1136 tamen
337 1065 389 1136 ita
410 1073 453 1136 ut
478 1064 595 1136 nullas
619 1064 777 1136 habeant
803 1068 966 1163 proprias
987 1068 1055 1142 sibi
1076 1069 1241 1142 differen-

182 1178 275 1266 tias;
302 1178 506 1276 parimodo
525 1203 582 1252 res
599 1177 748 1252 Poetica
765 1204 883 1278 neque
904 1183 1094 1256 hominum
1117 1184 1241 1280 singu-

181 1295 313 1369 larium
339 1296 502 1369 fortunas
529 1296 597 1368 sibi
623 1321 690 1392 pro
715 1305 930 1394 argumento
956 1301 1065 1373 habet
1083 1325 1163 1397 quae
1186 1302 1239 1373 in-

183 1412 296 1485 finitae
313 1412 386 1486 sint
412 1437 557 1485 necesse
582 1422 649 1498 est,
669 1437 788 1510 neque
811 1413 863 1487 ita
888 1414 935 1488 ad
953 1415 1179 1490 Universalia
1201 1441 1240 1491 se

183 1529 349 1625 proripit,
377 1530 485 1602 utin
512 1553 656 1602 summo
684 1554 813 1625 genere
839 1532 1027 1619 consistat,
1056 1539 1099 1606 ut
1126 1533 1240 1607 vitam

183 1645 380 1718 humanam
406 1646 515 1719 nullis
542 1670 781 1742 personarum
807 1654 844 1720 et
869 1673 1017 1722 morum
1043 1652 1240 1747 proprieta-

184 1761 280 1835 libus
299 1761 507 1835 distinctam
530 1771 614 1835 ante
640 1764 766 1836 oculos
783 1774 919 1859 ponet;
947 1765 1031 1839 hinc
1058 1791 1103 1840 ex
1126 1768 1241 1842 altera

183 1888 285 1975 parte
311 1879 470 1952 historiae
492 1879 638 1952 laudem
667 1886 863 1977 exsuperat
889 1905 970 1977 quae
998 1882 1094 1955 intra
1114 1883 1239 1980 singu-

184 1994 304 2067 lorum
320 2019 377 2068 res
395 2004 513 2091 gestas
532 1995 742 2068 continetur
751 2001 774 2082 ⁰,
792 2021 837 2068 ex
855 1999 968 2070 altera
981 1997 1237 2096 Philosophiae,
1266 2043 1271 2058 ·

184 2135 265 2206 quae
291 2111 399 2184 altius
427 2110 595 2206 assurgit,
619 2135 730 2207 quam
753 2122 795 2184 ut
822 2113 868 2186 ad
895 2112 979 2186 vitae
1007 2117 1239 2189 necessitates

184 2226 286 2299 lacile
302 2227 462 2300 revocari
481 2227 607 2322 possit,
626 2237 726 2300 etex
743 2238 895 2325 utraque
913 2230 1074 2326 decerpit
1097 2254 1238 2327 eaquae

184 2367 267 2415 vere
284 2342 436 2439 prosint.
471 2342 728 2417 HaecPoetice.
765 2343 836 2416 Sed
855 2351 892 2417 et
909 2345 987 2442 ipsa
1002 2345 1176 2434 Historia,
1194 2354 1239 2420 ut

184 2460 404 2546 notavimus,
423 2468 599 2555 quantum
621 2460 707 2532 licet
729 2460 801 2531 huc
821 2462 1013 2555 confugere
1030 2461 1123 2547 vult,
1143 2461 1239 2534 unde

183 2588 416 2684 gravissimus
433 2596 560 2662 auctor
574 2587 747 2685 Polybius
758 2585 779 2676 ¹,
793 2577 841 2659 τὰ
857 2578 1148 2683 παρεληλυθότα
1165 2585 1240 2660 τῶν

184 2707 303 2812 ἔργων
329 2705 377 2813 ἐξ
399 2708 520 2788 αὐτῶν
549 2713 622 2787 τῶν
646 2705 876 2812 πραγμάτων
900 2703 1146 2806 λαμβάνοντα
1170 2703 1240 2808 τὴν

184 2835 419 2936 δοκιμασίαν,
451 2837 599 2936 ἀληθῶς
633 2835 802 2942 ἐμφαίνει
839 2832 905 2919 τὰς·
939 2832 1107 2915 ἑκάστων
1140 2834 1238 2940 αἱρέ-

185 2999 265 3049 σεις
282 2966 343 3044 καὶ
362 2962 570 3070 διαλήψεις.
599 2973 727 3070 Neque
740 2997 824 3046 vero
836 2972 1089 3046 affirmaverim
1103 2974 1239 3047 nudam

183 3113 306 3163 rerum
322 3087 452 3162 seriem
469 3095 505 3162 et
531 3089 776 3162 recensionem
797 3089 887 3162 nihil
910 3113 1058 3188 prorsus
1081 3089 1238 3164 oblecta·

185 3205 292 3279 tionis
310 3206 348 3279 in
366 3231 405 3280 se
421 3207 562 3279 habere.
599 3205 656 3278 Ex
674 3231 715 3279 ea
733 3212 828 3279 certe
840 3212 1014 3304 tanquam
1032 3231 1078 3278 ex
1096 3231 1133 3279 re
1152 3231 1238 3280 con·

185 3321 292 3395 simili
310 3323 354 3396 de
370 3329 451 3396 toto
469 3321 553 3395 vitae
576 3347 685 3395 cursu
703 3322 838 3422 aliquid
855 3323 1068 3396 discendum
1089 3333 1155 3411 est,
1175 3325 1240 3397 sed

185 3464 294 3538 quam
321 3439 424 3512 exilis
450 3439 498 3513 sit
524 3444 561 3511 et
584 3439 708 3534 jejuna
735 3440 932 3512 Annalium
960 3439 1137 3535 scriptura
1163 3463 1238 3534 prae

112 3561 116 3570 '
183 3557 246 3628 illa
271 3581 352 3653 quae
377 3579 502 3628 causas
530 3579 652 3627 rerum
680 3566 717 3628 et
744 3555 893 3628 consilia
920 3555 1111 3628 hominnm
1138 3555 1177 3625 in
1199 3578 1238 3626 se

184 3670 280 3769 capit
298 3673 462 3745 Historia
479 3696 605 3745 omnes
624 3671 755 3744 sciunt.
810 3669 921 3754 Quod
940 3671 972 3744 si
986 3671 1049 3743 illa
1066 3693 1146 3766 quae
1164 3669 1237 3741 ani·

184 3826 286 3875 mum
312 3801 468 3874 maxime
498 3802 726 3896 percellunt⁸
751 3783 1003 3898 (περιπέτειαν
1026 3798 1119 3884 dico,
1148 3792 1236 3867 ἀνα-

184 3923 378 4029 γνώρισιν,
400 3921 535 4030 πάθοι)
556 3933 685 4006 sabulae
705 3939 825 4029 partes
854 3929 938 4018 sint,
961 3938 999 4002 at
1027 3931 1137 4002 etiam
1161 3929 1239 4001 haec

225 4120 235 4143 ²
255 4102 325 4164 Vid.
341 4104 466 4162 Aristot.
482 4104 575 4168 Post..
590 4121 614 4162 c.
630 4123 658 4180 9.
730 4102 784 4174 nit,
801 4121 837 4161 ex
857 4099 1015 4178 praeteritis
1031 4097 1122 4158 rebus
1139 4117 1237 4160 verum

224 4181 234 4214 ¹
251 4183 286 4241 L.
297 4181 338 4239 iii.
351 4201 381 4260 p.
393 4183 456 4258 185.
486 4181 573 4239 Inter
585 4187 691 4240 cratera
730 4187 762 4239 et
773 4181 905 4238 intimam
916 4178 1105 4238 consiliorum
1115 4179 1239 4239 human·

185 4259 254 4320 dum
267 4268 362 4319 artem
377 4280 460 4319 sunm
472 4262 594 4318 honeste
604 4259 692 4318 laude
731 4279 815 4319 orum
830 4259 967 4318 notitiam
982 4257 1047 4318 erui
1061 4278 1157 4338 posse.

185 4351 283 4417 auget,
299 4338 374 4398 illud
393 4337 488 4416 primo
506 4339 538 4397 in
556 4338 619 4398 loco
638 4359 690 4417 po·
772 4349 784 4382 ⁸
805 4337 873 4398 Vid.
888 4340 1014 4398 Aristot.
1032 4341 1123 4407 Post,
1138 4358 1162 4396 c.
1179 4337 1207 4396 6.
