3096 4886
284 245 329 310 22
602 269 815 320 sunnone
837 270 1012 322 monson.

288 415 390 512 qnod
422 413 569 514 quidem
603 440 679 490 non
713 423 862 513 gravate
901 421 1106 514 agnoscunt
1144 418 1340 519 scriptores

286 531 405 607 Graeei
420 532 458 608 in
481 532 692 610 universum
714 559 853 610 omnes.
905 535 1131 612 Testimonio
1155 537 1240 628 sint,
1258 563 1341 638 quae

284 649 383 746 apud
404 648 495 723 alios
519 650 566 725 de
588 648 761 747 Cecropis
785 650 823 724 in
845 650 1010 726 Atticam
1031 652 1203 742 adventu,
1220 665 1259 729 et
1274 655 1342 731 Pa·

284 766 379 863 lopis
395 764 435 838 in
448 765 742 864 Peloponnesum
753 766 929 858 invenias,
947 769 1047 867 apud
1057 770 1148 845 alios
1165 772 1211 844 de
1220 770 1340 848 Danai

283 883 372 981 fuga
387 909 434 958 ex
450 883 629 981 AEgypto,
648 889 687 957 et
702 883 748 958 de
771 885 885 960 literis
909 885 949 960 in
966 885 1144 962 Graeciam
1159 913 1225 985 per
1240 888 1338 964 Cad-

282 1024 388 1074 mum
415 1001 578 1076 inventis.
629 1000 770 1076 Eodem
796 1003 929 1078 referas
955 1029 1036 1101 quae
1055 1005 1101 1078 de
1120 1004 1225 1080 Idaen
1243 1005 1338 1081 Dee·

283 1117 369 1214 tylis
395 1118 601 1205 traduntur,
629 1121 668 1190 et
691 1141 734 1192 ea
758 1143 840 1215 quae
864 1120 911 1193 ad
937 1119 1140 1210 Telchinas,
1167 1120 1337 1211 Curetes,

284 1233 436 1308 Cabirus
452 1243 490 1308 et
503 1231 729 1332 Corybantes
746 1232 942 1332 spectanti
977 1234 1108 1334 Neque
1123 1239 1222 1314 enim
1238 1263 1339 1314 nnnc

282 1375 406 1449 qnaero
431 1375 591 1450 quonam
612 1357 778 1449 tempore
794 1351 873 1425 haeo
895 1353 1092 1443 evenerint,
1109 1377 1227 1452 neque
1249 1379 1337 1453 que·

282 1491 369 1541 nam
394 1493 440 1542 ex
464 1473 569 1565 parte
593 1491 677 1541 vera
701 1467 785 1541 sint.
838 1466 935 1540 Illud
960 1469 1089 1542 saltem
1121 1470 1213 1544 mihi
1238 1473 1338 1546 olere

281 1609 371 1658 vooe
388 1584 513 1659 testari
534 1584 717 1672 videntur,
741 1592 837 1657 artes
863 1584 1156 1680 quamplurimas,
1176 1595 1253 1660 tam
1273 1611 1336 1662 ens

281 1727 363 1801 qnae
387 1704 569 1798 elegantes
591 1710 679 1775 sunt
705 1723 816 1799 quam
840 1724 921 1798 quae
945 1701 1030 1775 vitae
1054 1703 1256 1778 eommodis
1280 1705 1335 1778 in·

282 1817 456 1906 serviunt,
476 1843 551 1892 non
567 1818 606 1890 in
624 1815 766 1890 Gmeia
780 1815 948 1892 inventas
970 1817 1094 1907 titisse,
1112 1819 1177 1893 sed
1199 1843 1279 1894 sero
1295 1826 1335 1895 et

281 1960 329 2009 ex
344 1935 543 2033 peregrinis
560 1935 768 2030 regionibus
790 1936 1033 2010 transmissas.
1084 1935 1195 2010 Artes
1210 1936 1334 2034 igitur,

279 2077 489 2152 quanquam
514 2053 552 2127 in
578 2051 727 2126 diversis
755 2051 902 2127 Gmoiae
935 2053 1101 2150 partibus
1130 2053 1335 2128 oonsedisse

280 2170 462 2256 dicuntur,
480 2169 519 2243 in
539 2168 728 2244 Thessalia
749 2170 932 2267 praeoipne
955 2170 1079 2243 sedem
1103 2170 1332 2244 invenenmt

278 2285 334 2358 En
366 2285 464 2382 regio
492 2286 570 2382 jam
602 2287 648 2360 ab
682 2284 942 2382 antiquissimis
975 2287 1200 2384 temporibus
1232 2285 1333 2360 inno-

279 2404 397 2476 larum
420 2426 584 2489 numero,
606 2403 849 2500 enituitque
871 2402 1110 2490 humanitate,
1129 2411 1166 2476 et
1186 2425 1230 2476 en
1252 2425 1333 2498 quse

277 2524 454 2596 tumeret
475 2517 636 2607 seientia,
655 2543 730 2615 prae
750 2520 889 2594 eaeteris
912 2517 1105 2608 eminebat.
1157 2518 1256 2593 Hinc
1272 2519 1333 2592 ille

278 2635 407 2709 divinae
433 2635 578 2710 virtutis
608 2640 646 2708 et
679 2637 865 2734 sapientire
895 2637 1045 2711 Chiron.
1097 2635 1155 2708 Ex
1181 2635 1250 2710 hae
1278 2659 1333 2709 re·

278 2752 384 2848 gione
401 2751 489 2826 exiit
512 2753 575 2825 illa
603 2751 758 2825 heroum
783 2775 925 2841 manus,
953 2777 1036 2849 quae
1069 2751 1187 2849 prime
1217 2752 1258 2825 in
1281 2750 1334 2848 ig-

277 2875 408 2942 notum
425 2893 551 2966 aeqnor
567 2869 650 2942 vela
666 2867 791 2944 dedit⁸
802 2899 858 2941 :-

607 3021 626 3050 “
638 3015 672 3075 in
683 3033 806 3076 nemore
819 3012 903 3074 Pelio
917 3011 1073 3075 securibus

435 3110 522 3172 Corsa
534 3108 691 3172 aoeidisset
704 3108 831 3187 abiegna
842 3107 881 3169 ad
894 3113 1006 3169 terram
1019 3107 1152 3170 trahas.'’

275 3257 321 3331 In
337 3258 406 3332 hae
423 3259 589 3356 denique,
608 3258 707 3355 qnod
724 3258 925 3330 multorum
937 3257 1136 3331 authorum
1152 3281 1332 3331 consensu

276 3375 422 3472 probari
441 3383 576 3471 potest,
597 3379 722 3447 exorta
739 3382 794 3447 est
810 3373 936 3469 lingua
954 3371 1095 3462 Graeca,
1114 3379 1152 3447 et
1174 3373 1336 3447 iimores

276 3493 339 3591 qni
355 3517 421 3589 per
438 3498 606 3566 oaeteram
621 3489 799 3565 Graeciam
816 3489 1039 3566 disseminati
1051 3497 1110 3565 tot
1124 3491 1281 3588 populos
1298 3494 1338 3564 et

274 3614 358 3686 loco
371 3617 409 3686 et
426 3607 578 3706 negotiis
594 3607 744 3682 interae
761 3609 962 3706 disjunctos
979 3609 1165 3682 communi
1178 3607 1338 3705 quodam

274 3728 423 3802 vinculo
453 3725 712 3811 devinxerunt3
739 3749 857 3823 neque
883 3724 979 3798 enim
1006 3723 1110 3799 aliter
1135 3722 1338 3796 Historiam

275 3847 377 3920 illam
406 3846 451 3918 de
479 3843 644 3932 Hellene,
672 3841 803 3917 Xutho
833 3851 870 3916 et
896 3865 1025 3916 eornm
1052 3839 1136 3914 filiis
1162 3839 1336 3936 interpre-

275 3961 425 4036 tandam
448 3985 527 4034 esse
552 3983 694 4034 censeo.
746 3958 824 4057 Ipsi
845 3957 1091 4033 Athenienses
1116 3956 1197 4030 Ioni
1220 3955 1339 4030 Thes·

276 4079 352 4153 salo
372 4082 411 4151 et
437 4102 570 4152 nomen
596 4101 705 4152 suum
726 4089 764 4154 et
790 4077 961 4152 instituta
985 4074 1182 4152 utilissima
1205 4074 1337 4148 dehere

317 4267 449 4340 ‘Stroh.,
462 4269 482 4330 l.
497 4295 522 4344 ⁹·
683 4271 792 4332 ‘Earn
806 4271 886 4352 apud
901 4269 960 4332 otc.
975 4270 1016 4332 ad
1028 4269 1116 4346 Hor.¹
1131 4267 1151 4328 l.
1166 4267 1196 4328 ii.
1212 4285 1237 4328 e.
1254 4291 1294 4328 n.
