3096 4886
567 341 780 390 raannorro
805 341 944 390 ranam.
1246 317 1290 398 37

234 492 307 574 tur,
321 489 384 562 sed
403 489 513 562 etiam
531 489 577 561 ad
594 487 688 562 filios
705 487 785 584 ejus
796 487 954 586 aliquam
973 493 1131 586 paternae
1141 487 1288 562 virtutis

235 605 451 703 particulam
469 628 637 678 emanare
653 606 857 678 credebaut.
910 605 1020 680 Unde
1036 605 1216 704 Tydides·

398 799 436 855 Ori
448 801 500 872 γάρ
513 822 558 872 μοι
570 804 686 873 γενναῖον
699 800 872 870 ἀλυσκάζοντι
884 802 1027 874 μάχεσθαι.

235 967 356 1042 Etiam
372 967 462 1041 illud
479 968 630 1041 sortasse
643 967 798 1042 assecuti
815 978 901 1042 sunt
915 977 958 1043 ut
971 968 1158 1066 imperium
1174 968 1291 1043 tutius

235 1091 272 1159 et
297 1084 461 1158 stabihus
488 1083 565 1156 tore
590 1084 787 1171 crederent,
807 1087 905 1181 quod
928 1085 1144 1160 hereditario
1164 1085 1248 1182 jure
1270 1109 1292 1158 a

236 1210 338 1300 patre
355 1201 401 1275 ad
424 1201 517 1274 filios
542 1201 723 1274 transiret.
775 1201 855 1276 Neo
880 1227 966 1277 vero
987 1201 1103 1276 otiose
1128 1208 1166 1275 et
1191 1203 1294 1275 nullo

234 1319 357 1392 labore
383 1317 572 1414 imperium
595 1318 654 1390 vel
677 1317 747 1414 ipsi
770 1317 1021 1405 adservabaut,
1046 1319 1104 1391 vel
1132 1342 1154 1391 a
1180 1316 1292 1415 patri·

235 1434 304 1508 bus
338 1433 512 1509 traditum
540 1432 788 1530 excipiebaut;
824 1435 888 1508 sed
921 1435 1087 1531 augenda
1121 1439 1201 1506 erat
1233 1434 1294 1507 vel

236 1552 366 1624 saltem
394 1549 531 1623 tuenda
559 1548 657 1622 avita
682 1547 795 1647 gloria
820 1549 850 1622 si
876 1549 914 1622 in
940 1549 1070 1623 eodem
1099 1550 1179 1623 loco
1206 1573 1293 1622 con-

237 1667 362 1742 sistere
379 1667 526 1740 vellent.
580 1665 680 1740 Hinc
704 1675 759 1740 tot
777 1690 879 1764 reges
897 1668 941 1740 de
959 1665 1057 1740 soliis
1075 1665 1150 1740 suis
1171 1665 1234 1740 det
1279 1675 1305 1718 -'

235 1783 322 1872 bati,
340 1784 430 1857 adeo
452 1789 495 1857 ut
511 1783 692 1882 Pelopidae
714 1809 924 1883 quanquam
947 1810 993 1860 ex
1015 1784 1132 1858 alieno
1153 1783 1236 1858 loco
1255 1784 1294 1856 in

236 1899 415 1974 Graeciam
449 1900 577 1975 adsciti
610 1901 705 1974 intra
737 1925 873 1997 paucos
896 1925 1026 1975 annos
1065 1901 1182 1975 totius
1219 1900 1294 1975 fere

235 2016 475 2114 Peloponnesi
498 2017 693 2114 imperium
718 2017 839 2115 adepti
865 2019 952 2093 sint.
1005 2016 1209 2091 Heraclidae
1229 2042 1295 2115 per

237 2141 385 2208 eentum
413 2157 528 2208 annos
556 2133 673 2231 patria
700 2159 766 2208 sua
796 2145 1001 2210 caruerunt.
1056 2135 1173 2208 Iidem
1207 2160 1293 2208 mox

238 2248 454 2324 felicionbus
472 2247 639 2346 auspiciis
656 2250 790 2322 reversi
813 2274 961 2324 omnem
977 2249 1050 2324 sere
1068 2249 1294 2348 Peloponne-

239 2391 322 2441 sum
342 2391 418 2440 suae
443 2365 589 2440 ditionis
607 2366 782 2440 fecerunt.
834 2365 957 2440 Etiam
978 2365 1071 2463 regis
1092 2368 1295 2442 absentiam

239 2507 332 2579 aegre
355 2483 560 2580 patiebatur
585 2483 662 2556 haec
689 2489 788 2570 aetas,
816 2485 923 2580 pauci
948 2485 1047 2558 enim
1071 2509 1117 2558 ex
1142 2490 1201 2558 tot
1226 2485 1295 2558 du-

240 2601 341 2673 cibus
371 2607 455 2697 post
482 2599 620 2674 bellum
646 2598 846 2696 Trojanum
875 2606 959 2673 tuto
988 2599 1026 2672 in
1057 2599 1132 2674 suis
1161 2599 1297 2675 finibus

240 2717 492 2792 consederunt.
552 2716 657 2810 Quin*
689 2723 727 2791 et
761 2718 839 2816 ipse
872 2717 1034 2789 Theseus
1067 2715 1296 2790 Athenarum

240 2835 350 2908 decus
372 2841 536 2908 extrema
557 2834 635 2930 jam
662 2839 848 2908 senectute
873 2833 910 2905 in
938 2831 1088 2906 exilium
1114 2833 1297 2930 profectus

240 2962 306 3025 est.
360 2951 460 3026 Male
477 2961 600 3027 autem
617 2952 763 3026 aliunde
779 2952 945 3048 exempla
958 2973 1097 3047 quaeras
1115 2974 1200 3024 oum
1217 2950 1295 3026 haec

242 3068 365 3142 omnia
390 3094 436 3142 ex
463 3068 615 3142 Homeri
643 3067 810 3166 Odyssea
835 3079 911 3142 tam
937 3067 1128 3142 manifeste
1154 3073 1294 3166 patent.

241 3187 372 3284 Neque
394 3189 491 3260 enim
516 3187 563 3260 ad
585 3185 842 3261 Telemachum
864 3187 942 3284 jam
967 3193 1075 3260 aetate
1096 3192 1220 3261 tenera
1235 3211 1297 3284 pa·

240 3308 386 3376 ternum
412 3310 598 3399 sceptrum
620 3301 719 3375 ultro
743 3301 904 3375 delatum
924 3309 1002 3389 est;
1031 3326 1149 3399 neque
1171 3313 1298 3378 contra

241 3419 301 3492 ille
324 3417 468 3491 audacis
494 3419 645 3514 spiritus
665 3419 810 3514 juvenis
835 3418 1032 3516 imperium
1057 3419 1124 3494 sibi
1150 3428 1298 3516 raptum

241 3558 314 3607 non
332 3557 426 3631 aegre
444 3532 540 3608 tulit.
595 3532 750 3616 Quoties
766 3535 819 3607 illi
836 3535 1003 3633 exemplo
1021 3535 1129 3608 datur
1145 3534 1298 3608 Orestes

242 3657 400 3746 paternae
417 3649 525 3724 caedis
542 3650 676 3724 vindex
686 3647 708 3725 ¹.
769 3649 924 3736 Quoties
940 3651 1017 3748 ipse
1040 3673 1101 3722 eas
1119 3648 1187 3723 sibi
1202 3650 1299 3724 vires

242 3766 437 3841 accrevisse
467 3772 628 3864 exoptat,
659 3774 704 3841 ut
730 3767 875 3840 familiae
902 3790 977 3840 suae
1007 3765 1117 3840 decus
1151 3774 1189 3838 et
1213 3764 1299 3862 jura

241 3885 357 3981 possit
374 3891 558 3958 assererel
571 3917 635 3957 :-

395 4047 434 4108 ’ll
448 4053 472 4107 τ’
485 4053 517 4109 dc
530 4052 674 4125 ἆμυναίμην
686 4049 712 4108 rl'
722 4073 768 4124 μοι
783 4049 887 4122 δύναμίς
900 4074 931 4122 γε
944 4051 1046 4124 παρείη.
1184 4057 1187 4062 “

281 4253 361 4314 'Id
391 4267 422 4314 Ε.
456 4279 513 4330 ²5³·
565 4254 635 4316 Vid.
659 4252 749 4313 etiam
792 4253 944 4312 Diomedis
961 4251 1284 4324 Oral.Il.=.rro,&e.

246 4335 300 4394 od.
329 4348 361 4396 Δ.
395 4347 437 4406 62,
461 4339 525 4407 dre,
555 4340 587 4397 et
618 4334 751 4414 ejusdem
832 4331 961 4392 ¹Od.1¹'.
981 4358 1034 4408 ¹95·
1094 4334 1185 4395 ⁸011.
1202 4346 1229 4400 Β.
1247 4341 1288 4395 ⁶2.
