3094 4898
560 349 772 398 rnarrcrro
795 349 961 398 sarritur.
1229 327 1288 389 121

232 495 377 570 exutam
402 487 454 562 ita
478 487 715 575 instituimus,
739 513 813 562 una
838 513 923 561 cum
953 488 1179 564 humanitate
1205 493 1290 565 vitae

232 615 393 679 exortam
411 629 501 692 esse,
520 616 558 677 et
576 606 621 678 ab
641 603 684 678 iis
702 604 790 701 ipsis
808 606 989 677 excultam
1006 628 1028 676 a
1044 605 1178 702 quibus
1196 618 1291 681 artes

234 727 271 793 et
292 720 472 816 religionis
492 720 607 806 ritus;
636 721 724 793 adeo
745 731 788 795 ut
809 721 853 794 ab
874 721 1003 795 iisdem
1023 723 1187 796 fontibus
1210 749 1293 820 pro·

234 835 388 924 fluxerit,
413 861 460 909 ex
485 837 617 932 quibus
642 836 865 910 incrementa
889 862 955 910 sua
978 839 1118 934 occepit
1142 840 1290 936 religio;

234 975 282 1023 ex
297 951 451 1025 Thracia
467 952 650 1040 nimirum,
670 977 719 1026 ex
736 951 841 1050 Syria
865 957 903 1026 et
918 953 1094 1051 AEgypto‚
1115 979 1160 1028 ex
1178 955 1291 1052 Phry·

235 1067 295 1162 gia
319 1075 357 1141 et
382 1068 491 1141 etiam
516 1093 561 1141 ex
579 1068 823 1165 Hyperboreis
846 1069 1065 1164 regionibus.
1108 1069 1184 1143 Sub
1209 1079 1293 1145 ortu

233 1184 355 1279 itaque
381 1185 498 1281 primo
519 1184 628 1258 sacris
653 1183 866 1281 peragendis
884 1196 921 1257 et
938 1185 1100 1258 Deorum
1118 1185 1220 1260 festis
1238 1187 1291 1258 in·

233 1309 366 1372 teresse
383 1301 533 1374 solebat.
570 1299 738 1397 Hymnos
757 1302 847 1373 adeo
864 1311 901 1373 et
915 1300 1062 1374 Paeanas
1080 1301 1117 1374 in
1128 1302 1291 1375 Deorum

232 1417 359 1489 laudes
377 1416 603 1514 conscriptos
628 1416 743 1513 prima
766 1417 940 1490 habemus
957 1417 1137 1490 nascentis
1154 1419 1206 1491 rei
1222 1419 1291 1492 Po-

234 1531 337 1605 eticae
353 1532 568 1606 rudimenta.
608 1530 719 1605 Facili
737 1557 826 1606 mox
842 1556 1036 1629 progressu
1054 1557 1128 1606 non
1145 1540 1291 1607 tantum

233 1650 341 1722 rebus
371 1649 480 1722 sacris
510 1648 573 1722 sed
602 1651 792 1746 epularum
822 1649 931 1722 etiam
962 1650 1150 1723 festivitati
1178 1651 1289 1725 inser·

210 1764 354 1836 'aiebat
366 1797 376 1853 ;
401 1764 491 1837 illud
517 1767 615 1838 enirn
641 1765 808 1838 omnibus
825 1790 895 1838 usu
913 1767 1013 1838 venit
1035 1773 1079 1839 ut
1104 1766 1292 1841 intervalla

233 1881 398 1953 laborum
416 1905 565 1953 suorum
579 1889 830 1954 consecrarent
848 1887 886 1953 et
903 1882 1291 1979 solennitate'quadam

234 2009 475 2081 celebrarent:
505 2002 582 2078 θεοὶ
608 1997 648 2078 δὲ
670 2001 914 2104 οἰκτείραντες
932 1999 975 2082 τὸ
995 2007 1068 2081 τῶν
1088 2000 1292 2105 ἀνθρώπων

236 2127 413 2206 ἐπίπονον
441 2125 608 2235 πεφυκὸς
629 2127 748 2230 γένος,
771 2127 988 2214 ἀναπαύλας
1011 2165 1052 2209 τε
1076 2129 1200 2215 αὐτοῖς
1218 2137 1292 2211 τῶν
1324 2185 1326 2191 -

234 2249 359 2334 πόνων
378 2253 571 2360 ἐτάξαντο,
593 2259 653 2336 καὶ
672 2259 747 2335 τῶν
762 2259 898 2361 ἑορτῶν
915 2259 1076 2358 &polliae
1089 2264 1166 2342 τοῖς
1181 2264 1288 2353 θεοῖς,

235 2385 297 2461 καὶ
327 2381 501 2480 Μούσας,
521 2381 750 2464 Ἀπόλλωνα
780 2421 820 2465 τε
847 2385 1090 2488 μουσηγέτην
1119 2389 1179 2465 καὶ
1198 2391 1288 2465 Διο-

236 2543 353 2590 νυσον
372 2508 649 2616 ξυνεορταστᾶς
669 2511 808 2591 ἔδοσαν
819 2528 842 2593 l.
895 2523 952 2594 Αο
968 2522 1129 2616 primurn
1143 2521 1288 2616 quidem

236 2634 335 2707 Deos
352 2637 538 2731 epularum
554 2636 735 2732 praesides,
752 2661 842 2710 mox
855 2638 1017 2710 Heroum
1035 2639 1146 2711 etiam
1163 2639 1289 2710 laudes

235 2760 273 2824 et
289 2775 345 2824 res
363 2759 483 2846 gestas
501 2752 691 2839 canebant,
711 2777 753 2824 eo
775 2778 847 2848 quo
869 2778 1010 2849 semper
1026 2752 1083 2825 usi
1101 2759 1188 2826 sunt
1206 2767 1289 2824 con-

237 2868 316 2941 silio
336 2867 463 2956 Graeci,
481 2879 524 2942 ut
549 2893 592 2942 ex
618 2869 712 2942 avita
738 2870 850 2964 gloria
874 2870 1008 2942 famam
1035 2868 1102 2942 sibi
1125 2868 1290 2941 concilia·

236 2993 327 3058 rent.
380 2981 609 3081 Ampliorem
644 2985 756 3081 igitur
778 2986 855 3081 jam
885 2986 1070 3059 materiem
1103 2987 1292 3083 complexa

236 3107 291 3173 est
308 3100 443 3188 PoesiS,
462 3112 499 3173 et
516 3101 612 3174 sacta
631 3111 686 3174 est
709 3125 783 3174 non
806 3107 950 3174 tantum
967 3102 1149 3198 religionis
1167 3101 1290 3176 minis-

235 3222 291 3289 tra
308 3225 345 3289 et
362 3219 515 3302 satelles,
535 3219 598 3291 sed
618 3218 850 3291 historiarum
873 3218 1121 3293 conservatrix
1138 3230 1175 3293 et
1192 3244 1290 3315 mag·

236 3357 366 3407 norum
383 3335 544 3407 virorum
562 3335 755 3420 laudatrix,
800 3334 844 3406 In
861 3336 931 3409 hoc
949 3337 1119 3433 temporis
1136 3337 1288 3409 articulo

235 3457 457 3523 crescentem
465 3451 541 3546 jam
554 3451 671 3523 indies
685 3462 800 3524 ortem
812 3453 950 3548 excepit
965 3453 1159 3525 Homerus.
1192 3453 1290 3525 Hinc

234 3579 279 3652 de
296 3579 439 3652 Achille
458 3603 537 3666 suo,
552 3571 650 3649 ἀείδε
671 3568 701 3648 d
721 3569 794 3675 ἄρα
814 3571 905 3650 κλέα
924 3576 1069 3674 ἀνδρῶν
1078 3587 1103 3652 ¹.
1144 3579 1289 3653 Etenim

235 3719 277 3766 ex
306 3694 375 3767 hae
404 3701 482 3768 arte
510 3697 694 3790 ingentem
722 3696 891 3792 spiritum
921 3705 958 3768 et
984 3696 1149 3768 ardorem
1178 3694 1289 3768 animi

234 3809 374 3884 Pelides
397 3812 475 3908 ipse
498 3818 713 3908 conceperat
723 3819 748 3885 ⁸.
800 3811 850 3884 Et
868 3812 958 3884 mihi
981 3810 1128 3908 quidem
1146 3810 1290 3885 videtur

275 3975 287 4008 1
307 3965 395 4027 Plato
408 3967 445 4025 de
459 3968 559 4046 Leqq„
573 3967 594 4027 l.
609 3965 640 4026 ll.
814 3967 881 4030 'Ep'y'
892 3967 981 4027 ἀνδρῶν
992 3986 1020 4016 τε
1032 3969 1092 4014 θεῶν
1100 3984 1129 4014 τε
1138 3964 1171 4016 τά
1181 3986 1210 4015 τε
1221 3967 1289 4017 κλεί-

275 4053 284 4076 r
304 4046 349 4104 ῃΙ
365 4059 385 4105 ΙΙ
406 4059 462 4119 189.
847 4049 915 4080 ouum
926 4031 1093 4082 borbel—011.
1106 4037 1134 4082 Α.
1147 4033 1205 4084 337.
1277 4053 1284 4066 ·

275 4132 286 4156 ι
305 4123 407 4184 Addas
434 4127 506 4185 licet
538 4123 617 4182 illam
646 4127 741 4184 pene,
782 4097 924 4156 Phemius
943 4097 1127 4157 Achivorum
1148 4098 1290 4167 reditum,

234 4203 319 4280 lopeg
334 4205 536 4263 suavissimam
552 4223 650 4262 vocem
663 4226 713 4262 :—
782 4175 972 4264 Demodocus
987 4176 1108 4255 Ulyssis
1122 4181 1154 4237 et
1166 4177 1290 4237 Achillis

267 4283 348 4339 epm,
372 4285 455 4332 „m
476 4288 524 4344 γὰρ
550 4281 616 4332 ἄλλα
644 4287 740 4348 βροτῶν
775 4255 920 4344 jurgium,
940 4276 1006 4314 mox
1023 4259 1119 4338 'l'rojae
1143 4257 1289 4317 excidium

239 4395 245 4404 ,
299 4347 515 4412 θιλκτήριαοῖδας,
780 4343 871 4393 uulrll.
