3096 4886
255 255 302 318 58
587 277 800 326 νιοειῑοοιο
822 279 976 337 Qunam.

253 427 387 502 animis
405 427 590 502 insedisse.
643 426 740 500 Illud
757 449 902 522 quoque
920 425 1091 498 miserum
1110 425 1312 515 videbatur,

252 545 348 620 filios
365 545 553 620 defuturos
567 567 645 618 esse
658 544 720 640 qui
732 543 827 616 bona
840 549 991 639 paterna
1007 539 1236 641 exciperent*
1250 577 1315 616 :—

493 711 535 722 -
548 681 684 754 χηρωσταὶ
697 680 725 734 δι’
739 680 781 734 dui
795 681 887 748 κτῆσιν
900 679 1029 734 δονέοντο.

255 801 361 875 Adeo
387 801 424 874 in
452 800 522 873 illis
545 797 768 895 temporibus
794 797 858 870 ubi
883 799 993 870 armis
1016 799 1139 872 omnia
1156 811 1312 897 perstre·

255 925 428 1016 puerunt,
446 941 568 990 rerum
585 915 746 988 civilium
768 939 864 988 curre
886 921 924 986 et
945 915 1090 1012 negotia
1111 917 1149 990 in
1166 941 1311 994 summo

254 1035 373 1132 pretio
396 1034 646 1121 habebantur;
673 1055 791 1128 neque
814 1055 896 1103 meo
922 1031 1051 1105 saltem
1071 1033 1211 1128 judicio
1236 1036 1312 1110 veri

254 1150 308 1224 illi
338 1161 376 1224 et
410 1150 489 1224 sani
516 1150 668 1222 affectus
699 1173 790 1245 quos
816 1147 914 1245 apud
944 1147 1149 1223 Homerum
1174 1153 1310 1248 passim

252 1291 439 1364 agnoscas,
457 1273 534 1339 tam
551 1265 603 1337 illi
622 1277 708 1338 suut
726 1287 819 1362 quos
837 1275 966 1337 natura
984 1279 1115 1361 sponte
1138 1271 1309 1364 suggerit,

254 1409 366 1482 quam
388 1385 541 1458 excultae
568 1383 809 1454 humanitatis
833 1379 972 1454 indicia.
1026 1381 1122 1456 Tota
1146 1384 1312 1482 Odyssea

254 1504 293 1578 in
319 1504 377 1578 his
402 1504 510 1576 rebus
536 1507 701 1575 vomatur
713 1532 723 1588 ;
750 1523 867 1596 neque
894 1498 985 1571 illud
1012 1501 1186 1597 intelligo,
1214 1505 1311 1577 unde

253 1621 324 1694 sibi
343 1632 420 1694 tarn
442 1621 603 1718 amplam
627 1617 815 1693 materiem
839 1617 1022 1713 congessit
1041 1627 1160 1714 poeta,
1180 1621 1310 1696 nisiex

253 1738 415 1811 moribus
440 1747 478 1810 et
503 1735 579 1810 vita
605 1759 757 1810 suorum
782 1741 991 1831 temporum
1003 1766 1013 1822 ;
1041 1760 1158 1834 neque
1185 1763 1310 1836 quem·

253 1877 340 1927 nam
363 1853 401 1928 in
423 1855 535 1927 finem
557 1853 708 1926 barbaro
731 1860 768 1924 et
789 1851 897 1925 feroci
919 1854 1055 1949 populo
1077 1853 1311 1930 humaniores

252 1971 404 2045 affectus
421 1977 507 2044 ante
523 1970 648 2044 oeulos
666 1968 782 2042 sistat.

305 2088 377 2163 Sed
410 2089 615 2163 accuratius
650 2088 793 2184 singula
832 2089 1121 2186 perpendamus;
1157 2115 1203 2164 ex
1244 2091 1311 2166 hae

252 2207 350 2282 enirn
377 2215 479 2305 parte
513 2205 716 2280 officiorum
749 2207 928 2279 rationem
955 2205 1222 2282 exactissimam
1254 2209 1309 2282 in-

253 2325 390 2412 venies,
408 2348 453 2396 ex
472 2324 534 2396 illa
550 2329 729 2418 agrestem
746 2321 1026 2420 simplicitatem.
1078 2323 1226 2398 Etenim
1242 2325 1310 2400 Te·

253 2443 407 2516 lemachi
420 2465 503 2537 erga
514 2451 654 2537 patrem
667 2442 795 2538 pietas,
807 2440 1007 2540 Penelopes
1020 2467 1106 2539 erga
1117 2445 1310 2540 conjugem

252 2562 357 2646 fides,
377 2567 414 2634 et
438 2561 553 2657 ipsius
569 2559 710 2658 Ulyssis
735 2561 780 2634 de
803 2560 914 2634 domo
937 2571 975 2634 et
997 2560 1133 2635 familia
1157 2587 1223 2636 sua
1248 2589 1309 2662 pa·

254 2683 357 2752 terna
374 2677 579 2751 sollicitudo
597 2677 800 2750 istiusmodi
819 2689 917 2763 sunt,
937 2702 1017 2776 quae
1041 2677 1310 2754 infelicissimis

255 2795 480 2892 temporibus
498 2796 621 2868 locum
638 2795 784 2869 habent.
820 2794 959 2868 Contra
976 2807 1097 2868 autern
1114 2793 1233 2892 proci¹
1248 2829 1311 2870 :—

413 2923 525 2992 Ἧμενοι
539 2924 567 2978 ἒν
579 2925 676 2996 ῥινοῖσι
689 2925 761 2988 βοὸν
775 2924 819 2980 οὓς
832 2925 937 2978 ἔκτανον
950 2925 1033 2978 edroi·

254 3051 292 3119 et
321 3043 359 3116 in
385 3045 502 3117 aliena
532 3043 642 3117 domo
669 3043 824 3139 superbe
850 3043 1115 3120 tumultuantes
1140 3045 1309 3119 ferociam

253 3161 435 3261 quandam
460 3185 534 3258 prae
557 3185 596 3233 se
618 3160 750 3235 serunt.
803 3159 934 3257 Neque
957 3161 1061 3234 aliter
1083 3161 1128 3234 de
1148 3162 1226 3260 ipsa
1248 3161 1310 3236 illa

254 3302 335 3376 quae
368 3283 449 3349 tum
483 3275 642 3349 obtinuit
675 3275 937 3350 cousuetudine
965 3279 1206 3374 judicandum
1239 3288 1307 3368 cst,

253 3393 477 3468 convocandi
494 3418 538 3466 ex
557 3391 722 3466 finitimis
739 3392 945 3491 regionibus
965 3420 1144 3492 procerae,
1163 3397 1194 3470 si
1217 3397 1309 3472 sorte

253 3512 487 3586 matrimonio
500 3511 654 3584 locanda
666 3521 761 3586 esset
771 3511 864 3608 regis
879 3513 954 3585 filia
969 3545 978 3600 ;
1005 3515 1110 3609 cujus
1120 3521 1244 3587 tamen
1257 3518 1309 3590 rei

255 3629 381 3706 multis
397 3639 525 3728 postea
541 3629 672 3704 seculis
685 3629 825 3726 insigne
838 3632 1046 3727 exemplum
1058 3631 1169 3706 habes
1180 3634 1279 3731 apud
1288 3641 1309 3671 ¹

254 3748 488 3823 Herodotum
500 3747 538 3821 in
551 3747 688 3845 nuptiis
701 3745 878 3844 Aguristae
897 3747 1199 3824 Clisthenisfiliae.
1226 3749 1310 3824 Ma-

253 3867 416 3941 trimonii
437 3867 546 3963 legeS,
565 3871 609 3938 ut
628 3865 707 3938 fieri
731 3866 834 3950 solet,
854 3863 1114 3963 antiquissimae
1130 3877 1245 3958 eraut,
1263 3869 1309 3942 ab

254 3985 433 4082 AEgypto,
458 3983 577 4071 credo,
596 3993 632 4058 et
658 3981 810 4056 Oriente
833 3993 1087 4074 transvectaefl,
1112 3983 1239 4082 etjam
1264 3987 1309 4060 ab

295 4129 413 4193 ¹111.
433 4143 489 4204 158.
844 4139 857 4170 ¹¹
879 4131 948 4193 Vid.
973 4131 1066 4206 Suid,
1089 4133 1122 4194 in
1146 4153 1217 4195 voco
1239 4147 1308 4210 Προ-

295 4211 302 4254 ¹
327 4213 380 4272 Od.
397 4228 429 4274 A·
447 4227 501 4276 νοῦ.
803 4217 917 4288 μηθεῦος
945 4213 1177 4282 Adden.,l.1lil.

297 4303 317 4332 ¹¹
336 4292 459 4361 Herod,
474 4293 494 4352 l.
510 4293 558 4358 ri„
573 4291 611 4353 ad
626 4293 723 4352 finem
