3058 4908
468 353 678 404 νκοιοιιοτιο
699 351 992 405 »norun-ruam.
1195 349 1257 412 221
1292 343 1296 350 '

201 530 277 579 non
293 505 617 591 contemnendam,
637 528 757 578 rerum
779 510 902 578 autem
928 508 1069 597 seriem,
1089 533 1259 606 persona-

202 648 285 696 rum
315 630 352 697 et
386 646 540 696 morum·
561 621 772 694 varietatem
807 623 945 696 ambitu
980 649 1048 699 suo
1083 629 1259 724 compleo·
1346 675 1349 682 ·

201 747 314 815 tatur.
368 739 536 812 Eundem
560 739 599 811 in
626 739 735 811 finem
757 738 991 836 Philosophia
1016 767 1038 816 a
1062 742 1258 840 Singulari-

201 857 271 930 bus
305 856 351 930 ad
381 855 611 929 Universalia
644 856 886 951 progreditur,
917 867 959 931 ut
994 883 1068 932 uuo
1102 859 1256 935 circuitu

201 974 319 1047 multa
336 971 544 1058 concludat,
564 977 601 1044 et
619 971 727 1045 certis
744 971 920 1046 limitibus
938 998 980 1047 ea
997 988 1159 1050 coerceat
1177 1004 1257 1075 quae

201 1091 298 1164 inter
327 1114 366 1163 se
393 1112 547 1163 numero
572 1097 608 1162 et
636 1087 755 1182 specie
784 1089 1001 1186 discrepant,
1030 1100 1140 1190 atque
1167 1099 1257 1171 adeo

200 1207 315 1281 menti
341 1207 507 1280 humanae
535 1203 648 1300 magis
677 1211 816 1301 gratam
841 1231 879 1279 se
905 1209 1065 1303 praebeat
1090 1217 1128 1284 et
1152 1214 1257 1286 intel-

199 1327 298 1398 lectu
315 1322 522 1396 faciliorem.
575 1320 630 1392 Ex
657 1319 713 1392 his
737 1321 836 1394 euim
858 1325 1114 1400 communibus
1138 1329 1256 1403 omnis

200 1440 369 1514 Scientiae
409 1437 594 1536 principiis
636 1438 828 1534 quaestioni
865 1437 926 1512 isti
966 1467 1048 1538 quae
1086 1443 1256 1520 historias

199 1563 340 1654 spectat
376 1557 471 1630 circa
510 1580 587 1629 rem
622 1578 735 1627 unam
775 1557 1001 1653 conscriptas
1040 1584 1256 1658 responsum

199 1687 361 1786 suggerit
393 1673 738 1760 Aristoteles-Aul
768 1674 807 1755 τί
841 1711 932 1757 τοτε
969 1683 1043 1758 τῶν
1079 1686 1257 1786 ἱστοριῶν

198 1803 305 1909 ἥδιον
331 1803 515 1907 ἀκούομεν
541 1811 615 1886 τῶν
637 1806 723 1907 περὶ
749 1804 789 1882 ἕν
816 1813 1099 1908 συνεστηκυιῶν
1126 1805 1149 1912 ἢ
1182 1818 1257 1893 τῶν

198 1940 283 2041 περὶ
308 1935 437 2017 πολλὰ
460 1931 825 2039 πραγματεύομενιον
836 1968 852 2024 ,·
882 1930 905 2036 ἢ
932 1928 1026 2016 διότι
1054 1932 1132 2024 τοῖς
1159 1975 1256 2044 γνω-

196 2064 414 2170 ριμωτέροις
442 2072 594 2166 μᾶλλον
624 2055 877 2168 προσέχομεν,
907 2067 969 2154 καὶ
1002 2067 1107 2167 ἥδιον
1134 2070 1257 2151 αὐτῶν

198 2193 381 2295 ἀκούομεν
390 2230 405 2286 ‚·
448 2191 732 2297 γνωριμώτερον
770 2189 809 2272 δὲ
847 2194 930 2273 ἐστὶ
966 2192 1009 2275 τὸ
1046 2197 1256 2300 ὡρισμένον

197 2329 264 2405 τοῦ
279 2326 476 2428 ἀορίστου·
512 2320 555 2403 τὸ
574 2319 644 2423 μὲν
661 2321 727 2401 οὖν
744 2319 784 2400 ἓν
799 2312 969 2425 ὥρισται·
1000 2322 1047 2404 τά
1067 2323 1107 2405 δὲ
1126 2329 1255 2410 πολλὰ

197 2455 264 2533 τοῦ
283 2455 436 2556 ἀπείρου
453 2451 600 2556 μετέχει
609 2444 636 2529 ¹¹.
672 2459 729 2532 Ex
747 2461 872 2533 iisdem
888 2461 1073 2558 principiis
1088 2472 1254 2542 naturam

197 2579 327 2652 ducem
365 2584 464 2652 certo
498 2574 651 2671 vestigio
689 2578 907 2652 subsecutus
942 2577 1064 2675 Epioae
1098 2580 1254 2658 Poeseos

117 2715 122 2720 ·
195 2695 358 2768 tabulam
374 2692 534 2768 instituit
551 2693 748 2768 Homerus.

246 2811 337 2886 Mox
354 2810 518 2908 eligenda
531 2816 608 2884 erat
621 2835 688 2884 sua
704 2811 847 2884 sabula:
869 2836 942 2908 quo
961 2811 1108 2909 quidem
1127 2839 1253 2890 rursus

196 2930 237 3002 in
253 2930 334 3002 loco
350 2935 525 3023 tanquam
549 2928 588 3000 in
606 2952 644 3000 re
668 2951 764 3002 nova
786 2951 927 3002 summa
951 2935 1029 3002 arte
1055 2944 1092 3004 et
1113 2931 1253 3027 judicio

195 3047 376 3120 utendum
393 3052 482 3119 erat.
527 3044 653 3122 Potuit
669 3045 815 3142 quidem
832 3050 950 3119 totam
970 3047 1098 3121 seriem
1117 3058 1153 3122 et
1169 3049 1253 3122 Per·

194 3187 304 3258 sonas
331 3173 368 3236 et
392 3161 595 3236 Historiam
622 3162 666 3236 de
691 3187 758 3235 suo
785 3163 940 3258 fingere:
974 3165 1037 3237 sed
1064 3173 1253 3240 aversatur

194 3280 352 3367 animun,
365 3280 423 3353 vel
441 3279 570 3354 saltem
586 3280 687 3352 lenta
704 3303 787 3352 cum
806 3278 1011 3374 suspicione
1030 3281 1177 3378 excipit,
1190 3284 1252 3357 illa

193 3420 274 3496 quae
304 3395 522 3470 testimoniis
557 3396 707 3472 omniuo
741 3402 877 3484 carent,
908 3421 1028 3494 neque
1061 3399 1252 3474 audaciora

118 3517 125 3526 '
191 3512 256 3586 illa
296 3511 540 3588 recentiorum
583 3520 792 3612 temporum
834 3524 1040 3588 commenta
1081 3514 1251 3590 Heroioae

191 3631 310 3704 aetatis
341 3629 562 3727 simplicitati
589 3637 817 3726 congruunt:
851 3653 996 3703 necesse
1026 3637 1105 3704 erat
1127 3631 1250 3728 itaque

191 3771 238 3820 ex
273 3746 439 3820 Historia
472 3745 661 3819 materiam
695 3770 796 3820 suam
832 3745 1031 3820 desumere.
1087 3745 1251 3821 Historia

189 3871 316 3938 autem
333 3865 464 3961 triplex
490 3874 580 3939 erat.
634 3863 690 3936 Ex
714 3864 784 3936 hac
809 3863 906 3936 enim
929 3869 1032 3958 parte
1051 3864 1171 3937 stabat
1188 3865 1249 3939 illa

190 3963 272 4076 quae
294 4004 418 4054 recens
441 3988 519 4054 erat
545 3991 581 4054 et
606 3979 719 4076 ipsius
745 3979 869 4051 Poetae
895 3977 993 4052 aetati
1017 3980 1177 4076 aqualis,
1203 4005 1247 4054 ex

188 4099 304 4171 altera
335 4096 399 4171 illa
428 4123 509 4196 quae
544 4121 727 4171 summam
760 4095 1014 4192 antiquitatem
1045 4097 1248 4194 attingebat

187 4221 300 4311 atque
318 4215 408 4288 adeo
429 4239 474 4288 ex
499 4214 674 4288 memoria
691 4213 882 4286 hominum
900 4211 974 4286 fere
991 4214 1185 4304 exciderat,
1205 4239 1247 4288 ac

553 4376 565 4409 ⁵
585 4376 739 4446 Problom„
756 4375 834 4436 Soet.
849 4374 893 4448 σμ’
