<?xml version="1.0" encoding="UTF-8"?>
<!DOCTYPE html PUBLIC "-//W3C//DTD XHTML 1.0 Transitional//EN"
    "http://www.w3.org/TR/xhtml1/DTD/xhtml1-transitional.dtd">
<html xmlns="http://www.w3.org/1999/xhtml" xml:lang="en" lang="en">
 <head>
  <title>
</title>
<meta http-equiv="Content-Type" content="text/html;charset=utf-8" />
  <meta name='ocr-system' content='tesseract 3.04.00' />
  <meta name='ocr-capabilities' content='ocr_page ocr_carea ocr_par ocr_line ocrx_word'/>
</head>
<body>
  <div class='ocr_page' id='page_1' title='image "./prlectionesacad00randgoog_0013.png"; bbox 0 0 3096 4886; ppageno 0'>
   <div class='ocr_carea' id='block_1_1' title="bbox 423 266 1275 345">
    <p class='ocr_par' dir='ltr' id='par_1_1' title="bbox 423 266 1275 345">
     <span class='ocr_line' id='line_1_1' title="bbox 423 266 1275 345; baseline 0 -1"><span class='ocrx_word' id='word_1_1' title='bbox 423 291 636 345; x_wconf 69' lang='lat' dir='ltr'><strong>esmnucrro</strong></span> <span class='ocrx_word' id='word_1_2' title='bbox 658 291 776 344; x_wconf 74' lang='lat' dir='ltr'><strong>carna</strong></span> <span class='ocrx_word' id='word_1_3' title='bbox 802 291 1060 344; x_wconf 63' lang='lat' dir='ltr'><strong>maurusam-s</strong></span> <span class='ocrx_word' id='word_1_4' title='bbox 1253 266 1275 332; x_wconf 82' lang='grc'><strong>8</strong></span> 
     </span>
    </p>
   </div>
   <div class='ocr_carea' id='block_1_2' title="bbox 128 435 1276 3813">
    <p class='ocr_par' dir='ltr' id='par_1_2' title="bbox 214 435 1275 1451">
     <span class='ocr_line' id='line_1_2' title="bbox 216 435 1275 538; baseline -0.003 -23"><span class='ocrx_word' id='word_1_5' title='bbox 216 439 480 516; x_wconf 78' lang='lat' dir='ltr'><strong>distraheretur</strong></span> <span class='ocrx_word' id='word_1_6' title='bbox 507 439 777 538; x_wconf 91' lang='lat' dir='ltr'><strong>quodammodo</strong></span> <span class='ocrx_word' id='word_1_7' title='bbox 804 437 934 518; x_wconf 82' lang='lat' dir='ltr'><strong>Oratio</strong></span> <span class='ocrx_word' id='word_1_8' title='bbox 957 443 1095 516; x_wconf 86' lang='lat' dir='ltr'><strong>nostra.</strong></span> <span class='ocrx_word' id='word_1_9' title='bbox 1147 435 1275 535; x_wconf 89' lang='lat' dir='ltr'><strong>Itaque</strong></span> 
     </span>
     <span class='ocr_line' id='line_1_3' title="bbox 214 555 1272 654; baseline -0.004 -22"><span class='ocrx_word' id='word_1_10' title='bbox 214 557 305 634; x_wconf 90' lang='lat' dir='ltr'><strong>illud</strong></span> <span class='ocrx_word' id='word_1_11' title='bbox 322 557 499 633; x_wconf 90' lang='lat' dir='ltr'><strong>inanimo</strong></span> <span class='ocrx_word' id='word_1_12' title='bbox 515 557 638 648; x_wconf 91' lang='lat' dir='ltr'><strong>habui,</strong></span> <span class='ocrx_word' id='word_1_13' title='bbox 657 564 701 633; x_wconf 93' lang='lat' dir='ltr'><strong>ut</strong></span> <span class='ocrx_word' id='word_1_14' title='bbox 720 563 978 654; x_wconf 81' lang='lat' dir='ltr'><strong>argumentum</strong></span> <span class='ocrx_word' id='word_1_15' title='bbox 1001 555 1185 654; x_wconf 84' lang='lat' dir='ltr'><strong>quoddam</strong></span> <span class='ocrx_word' id='word_1_16' title='bbox 1208 555 1272 628; x_wconf 90' lang='lat' dir='ltr'><strong>de-</strong></span> 
     </span>
     <span class='ocr_line' id='line_1_4' title="bbox 216 675 1274 774; baseline -0.008 -20"><span class='ocrx_word' id='word_1_17' title='bbox 216 701 399 754; x_wconf 89' lang='lat' dir='ltr'><strong>sumerem</strong></span> <span class='ocrx_word' id='word_1_18' title='bbox 424 677 523 774; x_wconf 91' lang='lat' dir='ltr'><strong>quod</strong></span> <span class='ocrx_word' id='word_1_19' title='bbox 545 701 662 750; x_wconf 91' lang='lat' dir='ltr'><strong>unum</strong></span> <span class='ocrx_word' id='word_1_20' title='bbox 682 686 719 751; x_wconf 93' lang='lat' dir='ltr'><strong>et</strong></span> <span class='ocrx_word' id='word_1_21' title='bbox 739 675 893 774; x_wconf 81' lang='lat' dir='ltr'><strong>simplex</strong></span> <span class='ocrx_word' id='word_1_22' title='bbox 916 679 1025 764; x_wconf 90' lang='lat' dir='ltr'><strong>esset,</strong></span> <span class='ocrx_word' id='word_1_23' title='bbox 1039 679 1122 749; x_wconf 91' lang='lat' dir='ltr'><strong>tum</strong></span> <span class='ocrx_word' id='word_1_24' title='bbox 1147 681 1274 748; x_wconf 84' lang='lat' dir='ltr'><strong>autem</strong></span> 
     </span>
     <span class='ocr_line' id='line_1_5' title="bbox 216 789 1272 890; baseline -0.004 -22"><span class='ocrx_word' id='word_1_25' title='bbox 216 817 262 868; x_wconf 83' lang='lat' dir='ltr'><strong>ex</strong></span> <span class='ocrx_word' id='word_1_26' title='bbox 287 800 410 868; x_wconf 90' lang='lat' dir='ltr'><strong>mente</strong></span> <span class='ocrx_word' id='word_1_27' title='bbox 435 793 546 890; x_wconf 90' lang='lat' dir='ltr'><strong>hujus</strong></span> <span class='ocrx_word' id='word_1_28' title='bbox 559 793 731 882; x_wconf 89' lang='lat' dir='ltr'><strong>instituti,</strong></span> <span class='ocrx_word' id='word_1_29' title='bbox 757 799 796 867; x_wconf 87' lang='lat' dir='ltr'><strong>et</strong></span> <span class='ocrx_word' id='word_1_30' title='bbox 823 791 980 867; x_wconf 84' lang='lat' dir='ltr'><strong>maxime</strong></span> <span class='ocrx_word' id='word_1_31' title='bbox 1009 816 1055 865; x_wconf 85' lang='lat' dir='ltr'><strong>ex</strong></span> <span class='ocrx_word' id='word_1_32' title='bbox 1079 815 1151 866; x_wconf 89' lang='lat' dir='ltr'><strong>usu</strong></span> <span class='ocrx_word' id='word_1_33' title='bbox 1175 789 1272 864; x_wconf 88' lang='lat' dir='ltr'><strong>Aca-</strong></span> 
     </span>
     <span class='ocr_line' id='line_1_6' title="bbox 217 906 1274 1008; baseline -0.004 -24"><span class='ocrx_word' id='word_1_34' title='bbox 217 908 365 984; x_wconf 87' lang='lat' dir='ltr'><strong>demicae</strong></span> <span class='ocrx_word' id='word_1_35' title='bbox 382 909 591 1008; x_wconf 89' lang='lat' dir='ltr'><strong>disciplinae.</strong></span> <span class='ocrx_word' id='word_1_36' title='bbox 625 911 896 1008; x_wconf 80' lang='lat' dir='ltr'><strong>Argumentum</strong></span> <span class='ocrx_word' id='word_1_37' title='bbox 909 910 1032 1007; x_wconf 91' lang='lat' dir='ltr'><strong>ipsum</strong></span> <span class='ocrx_word' id='word_1_38' title='bbox 1050 917 1088 983; x_wconf 93' lang='lat' dir='ltr'><strong>et</strong></span> <span class='ocrx_word' id='word_1_39' title='bbox 1104 906 1274 982; x_wconf 87' lang='lat' dir='ltr'><strong>destinati</strong></span> 
     </span>
     <span class='ocr_line' id='line_1_7' title="bbox 216 1025 1275 1126; baseline -0.002 -26"><span class='ocrx_word' id='word_1_40' title='bbox 216 1028 336 1124; x_wconf 89' lang='lat' dir='ltr'><strong>operis</strong></span> <span class='ocrx_word' id='word_1_41' title='bbox 365 1027 521 1106; x_wconf 83' lang='lat' dir='ltr'><strong>sormam</strong></span> <span class='ocrx_word' id='word_1_42' title='bbox 545 1028 727 1126; x_wconf 89' lang='lat' dir='ltr'><strong>quandam</strong></span> <span class='ocrx_word' id='word_1_43' title='bbox 752 1027 791 1102; x_wconf 91' lang='lat' dir='ltr'><strong>in</strong></span> <span class='ocrx_word' id='word_1_44' title='bbox 814 1025 976 1101; x_wconf 92' lang='lat' dir='ltr'><strong>medium</strong></span> <span class='ocrx_word' id='word_1_45' title='bbox 1000 1025 1159 1123; x_wconf 79' lang='lat' dir='ltr'><strong>prolerre</strong></span> <span class='ocrx_word' id='word_1_46' title='bbox 1183 1049 1275 1123; x_wconf 88' lang='lat' dir='ltr'><strong>prae-</strong></span> 
     </span>
     <span class='ocr_line' id='line_1_8' title="bbox 216 1141 1271 1241; baseline 0 -25"><span class='ocrx_word' id='word_1_47' title='bbox 216 1143 330 1218; x_wconf 90' lang='lat' dir='ltr'><strong>sentis</strong></span> <span class='ocrx_word' id='word_1_48' title='bbox 351 1145 492 1218; x_wconf 89' lang='lat' dir='ltr'><strong>consilii</strong></span> <span class='ocrx_word' id='word_1_49' title='bbox 516 1154 582 1219; x_wconf 91' lang='lat' dir='ltr'><strong>est.</strong></span> <span class='ocrx_word' id='word_1_50' title='bbox 636 1143 709 1218; x_wconf 89' lang='lat' dir='ltr'><strong>Sed</strong></span> <span class='ocrx_word' id='word_1_51' title='bbox 733 1145 946 1241; x_wconf 81' lang='lat' dir='ltr'><strong>priusquam</strong></span> <span class='ocrx_word' id='word_1_52' title='bbox 969 1167 1013 1218; x_wconf 88' lang='lat' dir='ltr'><strong>eo</strong></span> <span class='ocrx_word' id='word_1_53' title='bbox 1035 1141 1271 1241; x_wconf 81' lang='lat' dir='ltr'><strong>pervenerim,</strong></span> 
     </span>
     <span class='ocr_line' id='line_1_9' title="bbox 217 1257 1273 1360; baseline -0.002 -26"><span class='ocrx_word' id='word_1_54' title='bbox 217 1268 297 1334; x_wconf 88' lang='lat' dir='ltr'><strong>tum</strong></span> <span class='ocrx_word' id='word_1_55' title='bbox 320 1260 365 1333; x_wconf 93' lang='lat' dir='ltr'><strong>de</strong></span> <span class='ocrx_word' id='word_1_56' title='bbox 383 1260 464 1360; x_wconf 87' lang='lat' dir='ltr'><strong>ipsa</strong></span> <span class='ocrx_word' id='word_1_57' title='bbox 480 1259 596 1350; x_wconf 90' lang='lat' dir='ltr'><strong>Poesi,</strong></span> <span class='ocrx_word' id='word_1_58' title='bbox 615 1265 697 1334; x_wconf 92' lang='lat' dir='ltr'><strong>tum</strong></span> <span class='ocrx_word' id='word_1_59' title='bbox 720 1261 765 1334; x_wconf 92' lang='lat' dir='ltr'><strong>de</strong></span> <span class='ocrx_word' id='word_1_60' title='bbox 791 1266 868 1336; x_wconf 84' lang='lat' dir='ltr'><strong>arte</strong></span> <span class='ocrx_word' id='word_1_61' title='bbox 886 1257 1022 1334; x_wconf 83' lang='lat' dir='ltr'><strong>critica</strong></span> <span class='ocrx_word' id='word_1_62' title='bbox 1043 1281 1161 1356; x_wconf 86' lang='lat' dir='ltr'><strong>pauca</strong></span> <span class='ocrx_word' id='word_1_63' title='bbox 1182 1281 1273 1356; x_wconf 85' lang='lat' dir='ltr'><strong>prae-</strong></span> 
     </span>
     <span class='ocr_line' id='line_1_10' title="bbox 217 1375 399 1451; baseline 0.005 -1"><span class='ocrx_word' id='word_1_64' title='bbox 217 1375 284 1450; x_wconf 89' lang='lat' dir='ltr'><strong>lari</strong></span> <span class='ocrx_word' id='word_1_65' title='bbox 301 1375 399 1451; x_wconf 88' lang='lat' dir='ltr'><strong>libet.</strong></span> 
     </span>
    </p>

    <p class='ocr_par' dir='ltr' id='par_1_3' title="bbox 128 1490 1274 3110">
     <span class='ocr_line' id='line_1_11' title="bbox 128 1490 1274 1590; baseline -0.001 -23"><span class='ocrx_word' id='word_1_66' title='bbox 128 1523 130 1528; x_wconf 64' lang='grc'>’</span> <span class='ocrx_word' id='word_1_67' title='bbox 267 1492 393 1568; x_wconf 89' lang='lat' dir='ltr'><strong>Liceat</strong></span> <span class='ocrx_word' id='word_1_68' title='bbox 416 1492 528 1590; x_wconf 91' lang='lat' dir='ltr'><strong>igitur</strong></span> <span class='ocrx_word' id='word_1_69' title='bbox 550 1495 589 1568; x_wconf 89' lang='lat' dir='ltr'><strong>in</strong></span> <span class='ocrx_word' id='word_1_70' title='bbox 614 1499 775 1568; x_wconf 91' lang='lat' dir='ltr'><strong>mentem</strong></span> <span class='ocrx_word' id='word_1_71' title='bbox 800 1492 903 1568; x_wconf 90' lang='lat' dir='ltr'><strong>vobis</strong></span> <span class='ocrx_word' id='word_1_72' title='bbox 928 1515 1098 1568; x_wconf 87' lang='lat' dir='ltr'><strong>revocare</strong></span> <span class='ocrx_word' id='word_1_73' title='bbox 1121 1490 1274 1589; x_wconf 91' lang='lat' dir='ltr'><strong>quidde</strong></span> 
     </span>
     <span class='ocr_line' id='line_1_12' title="bbox 219 1607 1274 1708; baseline -0.004 -22"><span class='ocrx_word' id='word_1_74' title='bbox 219 1635 288 1696; x_wconf 86' lang='lat' dir='ltr'><strong>usu</strong></span> <span class='ocrx_word' id='word_1_75' title='bbox 309 1611 475 1700; x_wconf 88' lang='lat' dir='ltr'><strong>Poeseos,</strong></span> <span class='ocrx_word' id='word_1_76' title='bbox 500 1621 537 1685; x_wconf 90' lang='lat' dir='ltr'><strong>et</strong></span> <span class='ocrx_word' id='word_1_77' title='bbox 560 1612 708 1686; x_wconf 89' lang='lat' dir='ltr'><strong>devera</strong></span> <span class='ocrx_word' id='word_1_78' title='bbox 730 1610 809 1708; x_wconf 87' lang='lat' dir='ltr'><strong>ejus</strong></span> <span class='ocrx_word' id='word_1_79' title='bbox 833 1619 966 1686; x_wconf 90' lang='lat' dir='ltr'><strong>natura</strong></span> <span class='ocrx_word' id='word_1_80' title='bbox 990 1615 1130 1684; x_wconf 86' lang='lat' dir='ltr'><strong>veteres</strong></span> <span class='ocrx_word' id='word_1_81' title='bbox 1154 1607 1274 1684; x_wconf 83' lang='lat' dir='ltr'><strong>Graeci</strong></span> 
     </span>
     <span class='ocr_line' id='line_1_13' title="bbox 218 1727 1273 1828; baseline 0 -24"><span class='ocrx_word' id='word_1_82' title='bbox 218 1729 405 1804; x_wconf 81' lang='lat' dir='ltr'><strong>senserint.</strong></span> <span class='ocrx_word' id='word_1_83' title='bbox 458 1730 578 1804; x_wconf 89' lang='lat' dir='ltr'><strong>Aiunt</strong></span> <span class='ocrx_word' id='word_1_84' title='bbox 602 1729 700 1804; x_wconf 92' lang='lat' dir='ltr'><strong>enim</strong></span> <span class='ocrx_word' id='word_1_85' title='bbox 720 1753 800 1804; x_wconf 88' lang='lat' dir='ltr'><strong>eam</strong></span> <span class='ocrx_word' id='word_1_86' title='bbox 823 1731 882 1803; x_wconf 91' lang='lat' dir='ltr'><strong>vel</strong></span> <span class='ocrx_word' id='word_1_87' title='bbox 907 1727 1176 1828; x_wconf 87' lang='lat' dir='ltr'><strong>philosophiam</strong></span> <span class='ocrx_word' id='word_1_88' title='bbox 1193 1749 1273 1804; x_wconf 85' lang='lat' dir='ltr'><strong>esse</strong></span> 
     </span>
     <span class='ocr_line' id='line_1_14' title="bbox 218 1844 1272 1944; baseline -0.001 -26"><span class='ocrx_word' id='word_1_89' title='bbox 218 1847 277 1919; x_wconf 90' lang='lat' dir='ltr'><strong>vel</strong></span> <span class='ocrx_word' id='word_1_90' title='bbox 310 1845 550 1944; x_wconf 87' lang='lat' dir='ltr'><strong>philosophiae</strong></span> <span class='ocrx_word' id='word_1_91' title='bbox 576 1847 682 1920; x_wconf 89' lang='lat' dir='ltr'><strong>valde</strong></span> <span class='ocrx_word' id='word_1_92' title='bbox 709 1847 878 1934; x_wconf 69' lang='lat' dir='ltr'><strong>affinem</strong></span> <span class='ocrx_word' id='word_1_93' title='bbox 905 1869 1024 1942; x_wconf 87' lang='lat' dir='ltr'><strong>neque</strong></span> <span class='ocrx_word' id='word_1_94' title='bbox 1052 1844 1143 1918; x_wconf 92' lang='lat' dir='ltr'><strong>illud</strong></span> <span class='ocrx_word' id='word_1_95' title='bbox 1172 1867 1272 1942; x_wconf 88' lang='lat' dir='ltr'><strong>mag·</strong></span> 
     </span>
     <span class='ocr_line' id='line_1_15' title="bbox 219 1961 1273 2060; baseline 0.001 -24"><span class='ocrx_word' id='word_1_96' title='bbox 219 1963 327 2037; x_wconf 88' lang='lat' dir='ltr'><strong>nifice</strong></span> <span class='ocrx_word' id='word_1_97' title='bbox 352 1963 458 2038; x_wconf 87' lang='lat' dir='ltr'><strong>nimis</strong></span> <span class='ocrx_word' id='word_1_98' title='bbox 481 1973 519 2037; x_wconf 90' lang='lat' dir='ltr'><strong>et</strong></span> <span class='ocrx_word' id='word_1_99' title='bbox 543 1963 709 2060; x_wconf 84' lang='lat' dir='ltr'><strong>gloriose,</strong></span> <span class='ocrx_word' id='word_1_100' title='bbox 738 1964 802 2037; x_wconf 89' lang='lat' dir='ltr'><strong>sed</strong></span> <span class='ocrx_word' id='word_1_101' title='bbox 827 1973 1003 2060; x_wconf 88' lang='lat' dir='ltr'><strong>tanquam</strong></span> <span class='ocrx_word' id='word_1_102' title='bbox 1027 1961 1072 2035; x_wconf 87' lang='lat' dir='ltr'><strong>de</strong></span> <span class='ocrx_word' id='word_1_103' title='bbox 1097 1962 1273 2059; x_wconf 88' lang='lat' dir='ltr'><strong>reprobe</strong></span> 
     </span>
     <span class='ocr_line' id='line_1_16' title="bbox 218 2076 1272 2178; baseline -0.002 -24"><span class='ocrx_word' id='word_1_104' title='bbox 218 2085 410 2178; x_wconf 86' lang='lat' dir='ltr'><strong>perspecta</strong></span> <span class='ocrx_word' id='word_1_105' title='bbox 441 2083 600 2178; x_wconf 88' lang='lat' dir='ltr'><strong>graviter</strong></span> <span class='ocrx_word' id='word_1_106' title='bbox 624 2091 661 2155; x_wconf 97' lang='lat' dir='ltr'><strong>et</strong></span> <span class='ocrx_word' id='word_1_107' title='bbox 688 2083 857 2155; x_wconf 88' lang='lat' dir='ltr'><strong>consulto</strong></span> <span class='ocrx_word' id='word_1_108' title='bbox 887 2076 1106 2154; x_wconf 87' lang='lat' dir='ltr'><strong>sententiam</strong></span> <span class='ocrx_word' id='word_1_109' title='bbox 1138 2077 1272 2154; x_wconf 83' lang='lat' dir='ltr'><strong>ferunt.</strong></span> 
     </span>
     <span class='ocr_line' id='line_1_17' title="bbox 221 2193 1274 2294; baseline -0.001 -26"><span class='ocrx_word' id='word_1_110' title='bbox 221 2194 405 2294; x_wconf 83' lang='lat' dir='ltr'><strong>Quicquid</strong></span> <span class='ocrx_word' id='word_1_111' title='bbox 418 2196 565 2270; x_wconf 91' lang='lat' dir='ltr'><strong>demum</strong></span> <span class='ocrx_word' id='word_1_112' title='bbox 583 2195 643 2284; x_wconf 88' lang='lat' dir='ltr'><strong>sit,</strong></span> <span class='ocrx_word' id='word_1_113' title='bbox 658 2196 894 2294; x_wconf 74' lang='lat' dir='ltr'><strong>questionem</strong></span> <span class='ocrx_word' id='word_1_114' title='bbox 911 2193 1005 2268; x_wconf 88' lang='lat' dir='ltr'><strong>hanc</strong></span> <span class='ocrx_word' id='word_1_115' title='bbox 1022 2193 1274 2292; x_wconf 87' lang='lat' dir='ltr'><strong>quadantenus</strong></span> 
     </span>
     <span class='ocr_line' id='line_1_18' title="bbox 220 2309 1274 2408; baseline -0.003 -23"><span class='ocrx_word' id='word_1_116' title='bbox 220 2317 401 2400; x_wconf 85' lang='lat' dir='ltr'><strong>excutere,</strong></span> <span class='ocrx_word' id='word_1_117' title='bbox 426 2316 464 2385; x_wconf 90' lang='lat' dir='ltr'><strong>et</strong></span> <span class='ocrx_word' id='word_1_118' title='bbox 490 2312 557 2386; x_wconf 86' lang='lat' dir='ltr'><strong>sub</strong></span> <span class='ocrx_word' id='word_1_119' title='bbox 584 2311 733 2398; x_wconf 87' lang='lat' dir='ltr'><strong>trutina,</strong></span> <span class='ocrx_word' id='word_1_120' title='bbox 761 2311 860 2408; x_wconf 94' lang='lat' dir='ltr'><strong>quod</strong></span> <span class='ocrx_word' id='word_1_121' title='bbox 886 2309 1001 2398; x_wconf 90' lang='lat' dir='ltr'><strong>aiunt,</strong></span> <span class='ocrx_word' id='word_1_122' title='bbox 1026 2310 1226 2405; x_wconf 85' lang='lat' dir='ltr'><strong>explorare,</strong></span> <span class='ocrx_word' id='word_1_123' title='bbox 1252 2331 1274 2382; x_wconf 87' lang='lat' dir='ltr'><strong>a</strong></span> 
     </span>
     <span class='ocr_line' id='line_1_19' title="bbox 218 2424 1272 2526; baseline -0.002 -26"><span class='ocrx_word' id='word_1_124' title='bbox 218 2429 407 2526; x_wconf 89' lang='lat' dir='ltr'><strong>proposito</strong></span> <span class='ocrx_word' id='word_1_125' title='bbox 424 2438 550 2502; x_wconf 88' lang='lat' dir='ltr'><strong>nostro</strong></span> <span class='ocrx_word' id='word_1_126' title='bbox 568 2435 665 2502; x_wconf 88' lang='lat' dir='ltr'><strong>certe</strong></span> <span class='ocrx_word' id='word_1_127' title='bbox 683 2451 757 2500; x_wconf 89' lang='lat' dir='ltr'><strong>non</strong></span> <span class='ocrx_word' id='word_1_128' title='bbox 774 2427 933 2502; x_wconf 90' lang='lat' dir='ltr'><strong>alienum</strong></span> <span class='ocrx_word' id='word_1_129' title='bbox 950 2424 1029 2500; x_wconf 88' lang='lat' dir='ltr'><strong>erit.</strong></span> <span class='ocrx_word' id='word_1_130' title='bbox 1077 2426 1272 2522; x_wconf 88' lang='lat' dir='ltr'><strong>Ignoscen·</strong></span> 
     </span>
     <span class='ocr_line' id='line_1_20' title="bbox 220 2543 1273 2644; baseline -0.004 -24"><span class='ocrx_word' id='word_1_131' title='bbox 220 2545 309 2620; x_wconf 89' lang='lat' dir='ltr'><strong>dum</strong></span> <span class='ocrx_word' id='word_1_132' title='bbox 332 2551 390 2619; x_wconf 88' lang='lat' dir='ltr'><strong>est</strong></span> <span class='ocrx_word' id='word_1_133' title='bbox 411 2551 548 2634; x_wconf 88' lang='lat' dir='ltr'><strong>tamen,</strong></span> <span class='ocrx_word' id='word_1_134' title='bbox 567 2545 598 2619; x_wconf 89' lang='lat' dir='ltr'><strong>si</strong></span> <span class='ocrx_word' id='word_1_135' title='bbox 619 2571 729 2622; x_wconf 88' lang='lat' dir='ltr'><strong>voces</strong></span> <span class='ocrx_word' id='word_1_136' title='bbox 746 2547 923 2644; x_wconf 91' lang='lat' dir='ltr'><strong>quasdam</strong></span> <span class='ocrx_word' id='word_1_137' title='bbox 948 2548 985 2618; x_wconf 88' lang='lat' dir='ltr'><strong>et</strong></span> <span class='ocrx_word' id='word_1_138' title='bbox 1006 2545 1178 2642; x_wconf 90' lang='lat' dir='ltr'><strong>loquendi</strong></span> <span class='ocrx_word' id='word_1_139' title='bbox 1199 2543 1273 2618; x_wconf 82' lang='lat' dir='ltr'><strong>for·</strong></span> 
     </span>
     <span class='ocr_line' id='line_1_21' title="bbox 220 2661 1271 2760; baseline -0.004 -24"><span class='ocrx_word' id='word_1_140' title='bbox 220 2663 337 2736; x_wconf 88' lang='lat' dir='ltr'><strong>mulas</strong></span> <span class='ocrx_word' id='word_1_141' title='bbox 354 2661 494 2737; x_wconf 81' lang='lat' dir='ltr'><strong>latinis</strong></span> <span class='ocrx_word' id='word_1_142' title='bbox 512 2663 749 2760; x_wconf 82' lang='lat' dir='ltr'><strong>scriptoribus</strong></span> <span class='ocrx_word' id='word_1_143' title='bbox 767 2662 888 2736; x_wconf 89' lang='lat' dir='ltr'><strong>minus</strong></span> <span class='ocrx_word' id='word_1_144' title='bbox 909 2669 1015 2736; x_wconf 89' lang='lat' dir='ltr'><strong>notas</strong></span> <span class='ocrx_word' id='word_1_145' title='bbox 1031 2682 1271 2760; x_wconf 87' lang='lat' dir='ltr'><strong>usurpemus:</strong></span> 
     </span>
     <span class='ocr_line' id='line_1_22' title="bbox 219 2776 1274 2876; baseline -0.002 -22"><span class='ocrx_word' id='word_1_146' title='bbox 219 2803 300 2876; x_wconf 80' lang='lat' dir='ltr'><strong>quae</strong></span> <span class='ocrx_word' id='word_1_147' title='bbox 323 2779 421 2854; x_wconf 90' lang='lat' dir='ltr'><strong>enim</strong></span> <span class='ocrx_word' id='word_1_148' title='bbox 446 2779 572 2854; x_wconf 86' lang='lat' dir='ltr'><strong>Graece</strong></span> <span class='ocrx_word' id='word_1_149' title='bbox 597 2803 673 2854; x_wconf 94' lang='lat' dir='ltr'><strong>non</strong></span> <span class='ocrx_word' id='word_1_150' title='bbox 698 2785 845 2854; x_wconf 88' lang='lat' dir='ltr'><strong>tantum</strong></span> <span class='ocrx_word' id='word_1_151' title='bbox 870 2788 1048 2866; x_wconf 87' lang='lat' dir='ltr'><strong>accurate,</strong></span> <span class='ocrx_word' id='word_1_152' title='bbox 1075 2778 1138 2851; x_wconf 89' lang='lat' dir='ltr'><strong>sed</strong></span> <span class='ocrx_word' id='word_1_153' title='bbox 1164 2776 1274 2852; x_wconf 91' lang='lat' dir='ltr'><strong>etiam</strong></span> 
     </span>
     <span class='ocr_line' id='line_1_23' title="bbox 219 2894 1274 2995; baseline 0.002 -27"><span class='ocrx_word' id='word_1_154' title='bbox 219 2919 363 2970; x_wconf 89' lang='lat' dir='ltr'><strong>summa</strong></span> <span class='ocrx_word' id='word_1_155' title='bbox 385 2921 471 2970; x_wconf 92' lang='lat' dir='ltr'><strong>cum</strong></span> <span class='ocrx_word' id='word_1_156' title='bbox 496 2897 685 2995; x_wconf 84' lang='lat' dir='ltr'><strong>elegantia,</strong></span> <span class='ocrx_word' id='word_1_157' title='bbox 711 2896 841 2970; x_wconf 85' lang='lat' dir='ltr'><strong>Latine</strong></span> <span class='ocrx_word' id='word_1_158' title='bbox 865 2919 912 2970; x_wconf 88' lang='lat' dir='ltr'><strong>ne</strong></span> <span class='ocrx_word' id='word_1_159' title='bbox 937 2899 1106 2970; x_wconf 86' lang='lat' dir='ltr'><strong>accurate</strong></span> <span class='ocrx_word' id='word_1_160' title='bbox 1128 2894 1274 2993; x_wconf 87' lang='lat' dir='ltr'><strong>quidem</strong></span> 
     </span>
     <span class='ocr_line' id='line_1_24' title="bbox 220 3012 474 3110; baseline 0.008 -24"><span class='ocrx_word' id='word_1_161' title='bbox 220 3012 290 3086; x_wconf 89' lang='lat' dir='ltr'><strong>dici</strong></span> <span class='ocrx_word' id='word_1_162' title='bbox 305 3019 474 3110; x_wconf 86' lang='lat' dir='ltr'><strong>possunt.</strong></span> 
     </span>
    </p>

    <p class='ocr_par' dir='ltr' id='par_1_4' title="bbox 218 3127 1276 3813">
     <span class='ocr_line' id='line_1_25' title="bbox 268 3127 1274 3229; baseline -0.001 -25"><span class='ocrx_word' id='word_1_163' title='bbox 268 3129 354 3214; x_wconf 87' lang='lat' dir='ltr'><strong>Jam</strong></span> <span class='ocrx_word' id='word_1_164' title='bbox 370 3155 457 3205; x_wconf 85' lang='lat' dir='ltr'><strong>vero</strong></span> <span class='ocrx_word' id='word_1_165' title='bbox 483 3128 601 3206; x_wconf 89' lang='lat' dir='ltr'><strong>omnis</strong></span> <span class='ocrx_word' id='word_1_166' title='bbox 624 3127 857 3229; x_wconf 90' lang='lat' dir='ltr'><strong>philosophia</strong></span> <span class='ocrx_word' id='word_1_167' title='bbox 877 3131 917 3203; x_wconf 95' lang='lat' dir='ltr'><strong>in</strong></span> <span class='ocrx_word' id='word_1_168' title='bbox 933 3153 978 3204; x_wconf 93' lang='lat' dir='ltr'><strong>eo</strong></span> <span class='ocrx_word' id='word_1_169' title='bbox 1000 3128 1179 3228; x_wconf 84' lang='lat' dir='ltr'><strong>praecipue</strong></span> <span class='ocrx_word' id='word_1_170' title='bbox 1196 3153 1274 3203; x_wconf 89' lang='lat' dir='ltr'><strong>ver·</strong></span> 
     </span>
     <span class='ocr_line' id='line_1_26' title="bbox 219 3245 1275 3344; baseline 0 -24"><span class='ocrx_word' id='word_1_171' title='bbox 219 3250 332 3337; x_wconf 88' lang='lat' dir='ltr'><strong>satur,</strong></span> <span class='ocrx_word' id='word_1_172' title='bbox 351 3256 393 3323; x_wconf 90' lang='lat' dir='ltr'><strong>ut</strong></span> <span class='ocrx_word' id='word_1_173' title='bbox 409 3247 447 3322; x_wconf 91' lang='lat' dir='ltr'><strong>in</strong></span> <span class='ocrx_word' id='word_1_174' title='bbox 464 3271 587 3322; x_wconf 87' lang='lat' dir='ltr'><strong>rerum</strong></span> <span class='ocrx_word' id='word_1_175' title='bbox 604 3271 717 3344; x_wconf 90' lang='lat' dir='ltr'><strong>quam</strong></span> <span class='ocrx_word' id='word_1_176' title='bbox 736 3247 893 3322; x_wconf 84' lang='lat' dir='ltr'><strong>maxime</strong></span> <span class='ocrx_word' id='word_1_177' title='bbox 916 3245 1175 3320; x_wconf 88' lang='lat' dir='ltr'><strong>universalium</strong></span> <span class='ocrx_word' id='word_1_178' title='bbox 1190 3268 1275 3340; x_wconf 89' lang='lat' dir='ltr'><strong>cog·</strong></span> 
     </span>
     <span class='ocr_line' id='line_1_27' title="bbox 218 3363 1274 3463; baseline -0.003 -25"><span class='ocrx_word' id='word_1_179' title='bbox 218 3363 357 3439; x_wconf 85' lang='lat' dir='ltr'><strong>uitione</strong></span> <span class='ocrx_word' id='word_1_180' title='bbox 380 3367 566 3454; x_wconf 86' lang='lat' dir='ltr'><strong>consistat,</strong></span> <span class='ocrx_word' id='word_1_181' title='bbox 590 3389 709 3463; x_wconf 90' lang='lat' dir='ltr'><strong>neque</strong></span> <span class='ocrx_word' id='word_1_182' title='bbox 733 3367 850 3439; x_wconf 89' lang='lat' dir='ltr'><strong>ullum</strong></span> <span class='ocrx_word' id='word_1_183' title='bbox 875 3365 955 3462; x_wconf 88' lang='lat' dir='ltr'><strong>ejus</strong></span> <span class='ocrx_word' id='word_1_184' title='bbox 978 3363 1168 3438; x_wconf 87' lang='lat' dir='ltr'><strong>certiorem</strong></span> <span class='ocrx_word' id='word_1_185' title='bbox 1189 3363 1274 3436; x_wconf 91' lang='lat' dir='ltr'><strong>cha·</strong></span> 
     </span>
     <span class='ocr_line' id='line_1_28' title="bbox 218 3480 1275 3578; baseline -0.002 -24"><span class='ocrx_word' id='word_1_186' title='bbox 218 3487 394 3557; x_wconf 77' lang='lat' dir='ltr'><strong>rectorem</strong></span> <span class='ocrx_word' id='word_1_187' title='bbox 411 3505 489 3556; x_wconf 86' lang='lat' dir='ltr'><strong>esse</strong></span> <span class='ocrx_word' id='word_1_188' title='bbox 507 3480 673 3556; x_wconf 88' lang='lat' dir='ltr'><strong>arbitror.</strong></span> <span class='ocrx_word' id='word_1_189' title='bbox 722 3480 809 3578; x_wconf 88' lang='lat' dir='ltr'><strong>Ipso</strong></span> <span class='ocrx_word' id='word_1_190' title='bbox 827 3481 950 3557; x_wconf 92' lang='lat' dir='ltr'><strong>statim</strong></span> <span class='ocrx_word' id='word_1_191' title='bbox 964 3480 1195 3556; x_wconf 88' lang='lat' dir='ltr'><strong>scientiarum</strong></span> <span class='ocrx_word' id='word_1_192' title='bbox 1212 3504 1275 3553; x_wconf 86' lang='lat' dir='ltr'><strong>ex·</strong></span> 
     </span>
     <span class='ocr_line' id='line_1_29' title="bbox 219 3598 1275 3698; baseline -0.001 -27"><span class='ocrx_word' id='word_1_193' title='bbox 219 3607 303 3671; x_wconf 87' lang='lat' dir='ltr'><strong>ortu</strong></span> <span class='ocrx_word' id='word_1_194' title='bbox 329 3608 560 3698; x_wconf 90' lang='lat' dir='ltr'><strong>compertum</strong></span> <span class='ocrx_word' id='word_1_195' title='bbox 589 3609 657 3688; x_wconf 87' lang='lat' dir='ltr'><strong>est,</strong></span> <span class='ocrx_word' id='word_1_196' title='bbox 686 3623 744 3674; x_wconf 88' lang='lat' dir='ltr'><strong>res</strong></span> <span class='ocrx_word' id='word_1_197' title='bbox 778 3598 989 3696; x_wconf 88' lang='lat' dir='ltr'><strong>singulatim</strong></span> <span class='ocrx_word' id='word_1_198' title='bbox 1023 3603 1202 3694; x_wconf 86' lang='lat' dir='ltr'><strong>sumptas,</strong></span> <span class='ocrx_word' id='word_1_199' title='bbox 1238 3605 1275 3670; x_wconf 90' lang='lat' dir='ltr'><strong>et</strong></span> 
     </span>
     <span class='ocr_line' id='line_1_30' title="bbox 220 3711 1276 3813; baseline -0.003 -24"><span class='ocrx_word' id='word_1_200' title='bbox 220 3715 322 3789; x_wconf 90' lang='lat' dir='ltr'><strong>nullo</strong></span> <span class='ocrx_word' id='word_1_201' title='bbox 339 3716 487 3792; x_wconf 72' lang='lat' dir='ltr'><strong>vinculo</strong></span> <span class='ocrx_word' id='word_1_202' title='bbox 504 3716 599 3791; x_wconf 84' lang='lat' dir='ltr'><strong>inter</strong></span> <span class='ocrx_word' id='word_1_203' title='bbox 615 3741 653 3792; x_wconf 89' lang='lat' dir='ltr'><strong>se</strong></span> <span class='ocrx_word' id='word_1_204' title='bbox 671 3739 865 3804; x_wconf 79' lang='lat' dir='ltr'><strong>connexae,</strong></span> <span class='ocrx_word' id='word_1_205' title='bbox 892 3712 1130 3813; x_wconf 86' lang='lat' dir='ltr'><strong>philosophiae</strong></span> <span class='ocrx_word' id='word_1_206' title='bbox 1148 3711 1276 3808; x_wconf 90' lang='lat' dir='ltr'><strong>subjici</strong></span> 
     </span>
    </p>
   </div>
   <div class='ocr_carea' id='block_1_3' title="bbox 218 3829 1276 4496">
    <p class='ocr_par' dir='ltr' id='par_1_5' title="bbox 218 3829 1276 3932">
     <span class='ocr_line' id='line_1_31' title="bbox 218 3829 1276 3932; baseline -0.002 -26"><span class='ocrx_word' id='word_1_207' title='bbox 218 3855 295 3906; x_wconf 92' lang='lat' dir='ltr'><strong>non</strong></span> <span class='ocrx_word' id='word_1_208' title='bbox 311 3856 429 3930; x_wconf 88' lang='lat' dir='ltr'><strong>posse,</strong></span> <span class='ocrx_word' id='word_1_209' title='bbox 448 3841 577 3931; x_wconf 89' lang='lat' dir='ltr'><strong>utpote</strong></span> <span class='ocrx_word' id='word_1_210' title='bbox 595 3857 683 3932; x_wconf 88' lang='lat' dir='ltr'><strong>quas</strong></span> <span class='ocrx_word' id='word_1_211' title='bbox 700 3834 887 3908; x_wconf 91' lang='lat' dir='ltr'><strong>intellectu</strong></span> <span class='ocrx_word' id='word_1_212' title='bbox 905 3829 1079 3928; x_wconf 88' lang='lat' dir='ltr'><strong>consequi</strong></span> <span class='ocrx_word' id='word_1_213' title='bbox 1095 3840 1133 3904; x_wconf 88' lang='lat' dir='ltr'><strong>et</strong></span> <span class='ocrx_word' id='word_1_214' title='bbox 1154 3829 1276 3904; x_wconf 89' lang='lat' dir='ltr'><strong>animo</strong></span> 
     </span>
    </p>

    <p class='ocr_par' dir='ltr' id='par_1_6' title="bbox 219 3947 1274 4049">
     <span class='ocr_line' id='line_1_32' title="bbox 219 3947 1274 4049; baseline -0.002 -25"><span class='ocrx_word' id='word_1_215' title='bbox 219 3948 413 4046; x_wconf 90' lang='lat' dir='ltr'><strong>complecti</strong></span> <span class='ocrx_word' id='word_1_216' title='bbox 425 3975 500 4025; x_wconf 91' lang='lat' dir='ltr'><strong>non</strong></span> <span class='ocrx_word' id='word_1_217' title='bbox 518 3975 639 4049; x_wconf 85' lang='lat' dir='ltr'><strong>queas,</strong></span> <span class='ocrx_word' id='word_1_218' title='bbox 651 3973 733 4024; x_wconf 89' lang='lat' dir='ltr'><strong>cum</strong></span> <span class='ocrx_word' id='word_1_219' title='bbox 747 3949 899 4026; x_wconf 84' lang='lat' dir='ltr'><strong>infinitae</strong></span> <span class='ocrx_word' id='word_1_220' title='bbox 917 3947 990 4024; x_wconf 89' lang='lat' dir='ltr'><strong>sint</strong></span> <span class='ocrx_word' id='word_1_221' title='bbox 1007 3957 1044 4022; x_wconf 90' lang='lat' dir='ltr'><strong>et</strong></span> <span class='ocrx_word' id='word_1_222' title='bbox 1061 3949 1274 4025; x_wconf 85' lang='lat' dir='ltr'><strong>mutabiles:</strong></span> 
     </span>
    </p>

    <p class='ocr_par' dir='ltr' id='par_1_7' title="bbox 220 4065 1275 4166">
     <span class='ocr_line' id='line_1_33' title="bbox 220 4065 1275 4166; baseline 0.002 -26"><span class='ocrx_word' id='word_1_223' title='bbox 220 4066 366 4142; x_wconf 85' lang='lat' dir='ltr'><strong>easdem</strong></span> <span class='ocrx_word' id='word_1_224' title='bbox 391 4067 543 4142; x_wconf 88' lang='lat' dir='ltr'><strong>artificio</strong></span> <span class='ocrx_word' id='word_1_225' title='bbox 573 4068 731 4166; x_wconf 86' lang='lat' dir='ltr'><strong>quodam</strong></span> <span class='ocrx_word' id='word_1_226' title='bbox 755 4069 852 4141; x_wconf 88' lang='lat' dir='ltr'><strong>inter</strong></span> <span class='ocrx_word' id='word_1_227' title='bbox 876 4090 915 4140; x_wconf 88' lang='lat' dir='ltr'><strong>se</strong></span> <span class='ocrx_word' id='word_1_228' title='bbox 944 4067 1144 4156; x_wconf 89' lang='lat' dir='ltr'><strong>conclusas,</strong></span> <span class='ocrx_word' id='word_1_229' title='bbox 1175 4077 1213 4142; x_wconf 93' lang='lat' dir='ltr'><strong>et</strong></span> <span class='ocrx_word' id='word_1_230' title='bbox 1236 4065 1275 4142; x_wconf 92' lang='lat' dir='ltr'><strong>in</strong></span> 
     </span>
    </p>

    <p class='ocr_par' dir='ltr' id='par_1_8' title="bbox 219 4183 1272 4282">
     <span class='ocr_line' id='line_1_34' title="bbox 219 4183 1272 4282; baseline 0 -26"><span class='ocrx_word' id='word_1_231' title='bbox 219 4205 304 4258; x_wconf 90' lang='lat' dir='ltr'><strong>suas</strong></span> <span class='ocrx_word' id='word_1_232' title='bbox 322 4187 453 4260; x_wconf 88' lang='lat' dir='ltr'><strong>classes</strong></span> <span class='ocrx_word' id='word_1_233' title='bbox 480 4185 700 4275; x_wconf 90' lang='lat' dir='ltr'><strong>distributas,</strong></span> <span class='ocrx_word' id='word_1_234' title='bbox 720 4188 797 4282; x_wconf 86' lang='lat' dir='ltr'><strong>jam</strong></span> <span class='ocrx_word' id='word_1_235' title='bbox 823 4185 973 4282; x_wconf 88' lang='lat' dir='ltr'><strong>cognitu</strong></span> <span class='ocrx_word' id='word_1_236' title='bbox 993 4183 1167 4259; x_wconf 82' lang='lat' dir='ltr'><strong>faciliores</strong></span> <span class='ocrx_word' id='word_1_237' title='bbox 1183 4185 1272 4274; x_wconf 88' lang='lat' dir='ltr'><strong>fieri,</strong></span> 
     </span>
    </p>

    <p class='ocr_par' dir='ltr' id='par_1_9' title="bbox 218 4301 1274 4496">
     <span class='ocr_line' id='line_1_35' title="bbox 218 4301 1274 4381; baseline 0 -6"><span class='ocrx_word' id='word_1_238' title='bbox 218 4301 271 4376; x_wconf 86' lang='lat' dir='ltr'><strong>ita</strong></span> <span class='ocrx_word' id='word_1_239' title='bbox 297 4309 342 4380; x_wconf 88' lang='lat' dir='ltr'><strong>ut</strong></span> <span class='ocrx_word' id='word_1_240' title='bbox 369 4303 409 4378; x_wconf 93' lang='lat' dir='ltr'><strong>in</strong></span> <span class='ocrx_word' id='word_1_241' title='bbox 434 4327 562 4379; x_wconf 88' lang='lat' dir='ltr'><strong>earum</strong></span> <span class='ocrx_word' id='word_1_242' title='bbox 591 4303 779 4381; x_wconf 83' lang='lat' dir='ltr'><strong>affectibus</strong></span> <span class='ocrx_word' id='word_1_243' title='bbox 809 4301 1098 4378; x_wconf 85' lang='lat' dir='ltr'><strong>demonstrandis</strong></span> <span class='ocrx_word' id='word_1_244' title='bbox 1125 4301 1274 4376; x_wconf 79' lang='lat' dir='ltr'><strong>feliciter</strong></span> 
     </span>
     <span class='ocr_line' id='line_1_36' title="bbox 714 4425 778 4496; baseline -0.016 0"><span class='ocrx_word' id='word_1_245' title='bbox 714 4445 735 4496; x_wconf 89' lang='lat' dir='ltr'><strong>s</strong></span> <span class='ocrx_word' id='word_1_246' title='bbox 754 4425 778 4495; x_wconf 86' lang='lat'><strong><em>2</em></strong></span> 
     </span>
    </p>
   </div>
   <div class='ocr_carea' id='block_1_4' title="bbox 0 0 1556 4886">
    <p class='ocr_par' dir='ltr' id='par_1_10' title="bbox 0 0 1556 4886">
     <span class='ocr_line' id='line_1_37' title="bbox 0 0 1556 4886; baseline 0 0"><span class='ocrx_word' id='word_1_247' title='bbox 0 0 1556 4886; x_wconf 95' lang='lat' dir='ltr'><strong> </strong></span> 
     </span>
    </p>
   </div>
  </div>
 </body>
</html>
