3058 4908
299 351 363 415 194
605 351 818 403 altmannno
847 353 1048 404 munacius.

295 514 430 585 tiarum
454 508 570 603 magis
593 505 807 603 aequabilem
822 509 1001 594 tenorem,
1020 531 1139 604 neque
1160 509 1356 606 quiequam

296 627 462 700 hiulcum
489 629 555 697 aut
585 645 765 719 asperum.
816 619 997 719 Denique,
1026 625 1125 720 quod
1155 626 1358 698 maximum

296 749 364 830 est,
392 765 442 815 ex
467 746 546 812 tam
574 725 767 834 multiplici
792 739 987 812 verborum
1015 738 1110 813 inter
1139 765 1179 814 se
1204 743 1358 814 colloca·

296 859 397 932 tione
414 857 579 930 animum
592 854 767 929 auditoris
784 854 918 928 habent
935 858 1167 930 attentiorem
1186 864 1225 930 et
1241 857 1358 952 magis

297 998 528 1073 suspensum,
548 979 586 1046 et
602 971 739 1046 variam
763 971 915 1066 singulis
932 973 1082 1048 vocibus
1099 973 1176 1047 vim
1192 999 1238 1048 ex
1256 999 1358 1049 mero

297 1093 380 1166 loco
403 1092 615 1187 adsignant:
645 1089 867 1162 delectamur
891 1096 1014 1163 autem
1035 1117 1121 1165 cum
1146 1093 1357 1190 loquentem

296 1210 497 1306 praevenire
520 1231 594 1280 non
617 1229 826 1303 possumus,
845 1206 947 1280 facile
963 1214 1089 1280 tamen
1114 1209 1237 1282 omnia
1262 1209 1361 1282 inter

297 1325 523 1423 loquendum
547 1323 787 1420 assequimur.
840 1319 962 1397 Sensit
985 1324 1058 1398 hoc
1075 1324 1357 1414 Demosthenes,

296 1444 361 1540 qui
394 1442 433 1515 in
463 1465 608 1517 summa
642 1440 875 1537 simplicitate
903 1442 1101 1516 verborum
1133 1449 1359 1517 structuram

297 1560 408 1633 habet
424 1559 513 1633 artis
530 1559 688 1656 plenam.
744 1557 897 1631 Sensere
914 1558 1031 1632 Attici
1051 1559 1115 1656 qui
1139 1560 1226 1634 huic
1243 1561 1295 1634 rei
1312 1561 1359 1634 ad

298 1701 469 1751 nauseam
490 1677 564 1750 fere
587 1677 818 1750 studuerunt.
872 1675 995 1750 Sensit
1012 1677 1195 1753 Miltonus
1220 1691 1355 1766 noster,

297 1795 362 1892 qui
380 1805 545 1868 veterum
564 1792 742 1890 Syntaxin
758 1799 940 1890 quatenus
965 1795 1003 1866 io
1021 1795 1211 1868 recentiori
1233 1797 1358 1893 lingua

297 1911 375 1984 fieri
393 1912 514 2009 potuit
539 1911 732 1984 aemulatus
758 1916 825 1983 est.
880 1908 992 1994 Quod
1016 1912 1054 1984 in
1073 1913 1142 1985 hoc
1165 1937 1211 1985 ex
1228 1911 1357 1986 Nomi-

299 2053 386 2102 num
403 2027 557 2101 Casibus
575 2028 804 2124 aliqnatenus
820 2027 967 2124 pendet,
981 2030 1100 2101 multo
1117 2030 1226 2102 etiam
1243 2029 1359 2125 magis

297 2170 343 2218 ex
369 2144 511 2235 Verbis,
534 2169 690 2241 quorum
714 2143 878 2231 Numeri,
906 2144 1024 2233 Modi,
1050 2145 1230 2233 Personae,
1247 2147 1358 2219 Tem-

297 2286 387 2359 pora
402 2267 462 2335 tot
483 2286 506 2335 a
527 2261 699 2358 primaria
721 2259 839 2335 sorma
866 2260 1126 2336 declinationes
1155 2263 1358 2360 patiuntur,

298 2403 389 2476 quas
413 2385 538 2452 tamen
563 2401 691 2452 omnes
722 2377 829 2474 periti
853 2378 972 2474 primo
998 2379 1122 2453 statim
1148 2379 1286 2452 intuitu
1311 2381 1359 2453 ad

296 2495 437 2570 Thema
455 2520 564 2570 suum
582 2500 719 2569 norunt
734 2493 876 2568 referre.
921 2493 1025 2568 Felix
1042 2501 1138 2570 certe
1162 2497 1359 2570 artificium

298 2614 453 2711 -cujus
471 2638 540 2710 ope
563 2613 625 2686 illa
642 2613 875 2686 auxiliarium
898 2635 980 2710 quae
999 2625 1134 2688 vocant
1149 2614 1359 2689 Verborum

298 2733 417 2820 turba,
437 2732 569 2828 quibus
586 2731 803 2804 recentiores
821 2731 954 2826 linguae
971 2731 1189 2819 obruuntur,
1207 2756 1360 2828 pmrsus

297 2851 433 2935 exulat,
461 2873 543 2945 quae
569 2873 655 2922 cum
682 2847 869 2921 Orationis
895 2855 1017 2944 partes
1042 2850 1271 2946 conjungunt
1296 2873 1360 2924 eas

297 2975 421 3040 tamen
438 2965 546 3039 nimis
564 2966 755 3052 diducunt,
774 2975 811 3038 et
828 2963 979 3038 Poetam
996 2989 1073 3062 prm
1096 2967 1237 3040 caeteris
1263 2989 1360 3063 prae-

297 3081 463 3178 pediunt.
516 3082 685 3155 latinam
714 3087 837 3155 autem
870 3081 1033 3177 linguam
1067 3083 1178 3156 etiam
1211 3107 1256 3156 ex
1290 3084 1362 3158 hac

297 3208 402 3297 parte
430 3201 619 3296 praecurrit
647 3199 788 3273 Graeca.
841 3199 994 3296 Propria
1017 3200 1165 3275 illorum
1190 3211 1247 3274 est
1270 3200 1362 3275 Vox

298 3315 435 3402 Media,
454 3339 573 3412 neque
598 3315 660 3389 illa
677 3341 766 3390 usus
784 3322 850 3389 aut
866 3317 1069 3391 venustatis
1094 3341 1236 3415 expers.
1288 3315 1362 3393 Est

298 3431 396 3506 enim
413 3431 477 3505 ubi
490 3433 598 3506 Actio
614 3431 797 3530 reciproce
814 3433 853 3506 in
869 3432 989 3530 ipsum
1002 3435 1185 3530 Agentem
1200 3435 1358 3522 transit;

297 3551 482 3646 eleganter
498 3549 608 3622 etiam
631 3573 896 3648 nonnunquam
913 3575 1050 3624 novum
1067 3551 1185 3646 gignit
1207 3575 1361 3624 sensum

297 3683 504 3778 reciprocus
522 3679 686 3775 ejusdem
698 3679 811 3753 Verbi
828 3705 930 3769 usus,
949 3665 1200 3774 φυλάττομαι,
1219 3678 1358 3770 caveo,

299 3812 345 3884 ab
375 3811 510 3884 Activo
545 3793 735 3908 φυλάττω,
765 3809 957 3884 Custodio.
1008 3809 1154 3884 Etenim
1186 3811 1226 3882 in
1255 3805 1362 3884 Voce

299 3927 424 4001 Media
450 3927 641 4024 significat,
659 3949 717 3998 me
742 3925 865 4024 ipsum
886 3925 1091 4000 Custodire.
1146 3925 1363 4002 Gfflcorum

300 4043 410 4118 etiam
440 4049 497 4118 est
522 4044 935 4141 Paulopost-futurum,
967 4044 1066 4141 quod
1092 4068 1361 4140 nonnunquam

300 4179 410 4230 suum
433 4158 556 4230 locum
580 4181 656 4230 non
671 4157 862 4231 infeliciter
878 4159 1011 4232 habere
1037 4163 1171 4254 potest.
1223 4155 1363 4254 Majori

300 4276 409 4370 longe
434 4275 473 4346 in
490 4275 608 4370 pretio
633 4273 801 4349 habenda
824 4285 911 4350 sunt
928 4274 1124 4350 Indefinita
1142 4273 1363 4350 Graecorum

299 4397 477 4485 tempora,
496 4415 577 4485 quae
600 4416 621 4464 a
637 4391 809 4466 Perfectis
831 4399 929 4468 certe
948 4417 1033 4468 vera
1050 4399 1087 4467 et
1104 4391 1362 4518 Philosophiae
