3096 4886
303 259 347 326 16
511 278 726 332 causacum
748 277 866 328 amul
891 275 1149 330 mauaumms

303 451 385 504 eam
410 425 503 502 mihi
529 427 770 524 questionem
795 425 1043 524 explicandam
1073 425 1243 525 suscipio,
1271 454 1361 527 qua·

302 571 390 622 nam
412 571 456 622 ex
480 555 596 645 parte,
615 556 653 619 et
673 543 804 642 quibus
827 543 1061 641 potissimum
1081 545 1212 634 modis,
1230 546 1361 622 buma-

302 664 415 740 nioris
431 661 629 760 disciplinae
646 659 738 735 ratio
755 685 798 734 ex
815 660 968 734 Homeri
988 661 1131 759 scriptis
1147 663 1195 736 ad
1213 662 1359 739 Graecos

303 779 526 881 profluxerit,
546 788 584 853 et
601 777 730 853 deinde
746 800 810 874 per
827 783 953 874 gentes
970 788 1169 876 pmpagata
1184 781 1244 853 sit.

354 899 436 974 Nec
460 921 547 973 vero
576 919 651 969 non
681 893 799 968 sentio
825 900 961 992 quanta
986 919 1108 968 rerum
1132 897 1229 970 mole
1251 921 1358 994 argu·

303 1020 473 1088 mentum
496 1023 572 1086 tam
590 1013 664 1085 late
681 1019 870 1108 sumptum
887 1011 1073 1099 obruatur,
1092 1036 1159 1086 nec
1181 1017 1359 1111 quamsit

304 1129 449 1206 difficile
469 1139 507 1204 et
527 1128 744 1204 exactissimi
762 1125 888 1225 judicii
914 1138 990 1202 tam
1015 1127 1208 1226 implicatis
1233 1140 1270 1204 et
1293 1133 1357 1206 ob·

304 1247 419 1323 scuris
443 1246 704 1345 quaestionibus
720 1246 840 1319 lucem
861 1242 1265 1321 offundere12-“Non
1281 1273 1356 1322 me·

302 1364 444 1440 diocres
473 1364 572 1438 euim
600 1362 759 1436 tenebrae
783 1362 822 1434 in
848 1363 951 1460 sylva
975 1361 1044 1436 ubi¹
1064 1362 1141 1437 haec
1167 1367 1356 1461 captanda,

305 1507 423 1583 neque
436 1506 480 1557 eo
497 1506 571 1581 quo
583 1480 772 1578 pervenire
784 1480 957 1554 volumus
969 1479 1107 1554 aemitae
1121 1481 1227 1568 tritae,
1241 1505 1358 1580 neque

305 1625 381 1675 non
403 1601 443 1674 in
460 1599 667 1675 tramitibus
684 1598 849 1696 quaedam
869 1598 1022 1696 objecta,
1042 1623 1122 1696 quae
1138 1609 1287 1674 euntem
1304 1627 1358 1676 ie·

305 1715 420 1792 tinere
442 1712 621 1814 possint.”
658 1713 771 1799 Quod
794 1713 826 1788 si
849 1715 942 1788 forte
965 1716 1124 1812 aliquem
1144 1716 1193 1789 ad
1216 1715 1359 1789 Gmca-

305 1855 390 1908 rum
411 1832 599 1907 literarum
621 1855 782 1906 amorem
802 1855 975 1906 exacuam
992 1839 1030 1906 et
1046 1831 1249 1921 accendam,
1268 1839 1306 1906 et
1321 1831 1361 1905 in

306 1949 407 2024 hisce
433 1947 562 2024 studiis
586 1948 683 2023 viam
709 1959 985 2044 praemonstrem
1011 1956 1049 2024 et
1074 1949 1192 2024 officio
1217 1954 1361 2023 meoet

306 2065 422 2164 ipsius
452 2067 658 2142 Academiae
691 2065 841 2140 utilitati
874 2067 1018 2143 abunde
1051 2091 1111 2142 me
1145 2067 1359 2142 satisfecisse

307 2183 518 2260 arbitrabor.

614 2337 622 2372 ¹
646 2341 733 2402 γαπ.
748 2339 784 2400 dc
795 2341 880 2424 Lmq.
896 2341 973 2413 Lat,
988 2343 1010 2404 l.
1025 2369 1050 2418 4.
