3058 4908
483 366 696 418 mortorio
715 368 939 418 nonnarum.
1178 362 1243 427 209

187 514 266 603 tim,
284 515 417 613 inquit,
435 517 481 589 ab
499 515 687 614 AEgyptiis
704 519 837 614 partim
855 543 874 592 a
892 518 1051 616 Pelasgis
1068 521 1244 618 profluxit

185 632 311 730 religio
340 615 487 706 Graeca:
518 657 637 730 neque
664 659 750 709 vero
778 635 912 725 Cabiri,
940 635 1177 736 Corybantes,
1205 649 1243 713 et

186 745 340 824 Curetes
368 748 504 846 origine
534 773 601 824 sua
625 748 744 824 Graeci
768 752 859 848 juris
889 759 976 827 sunt
988 785 997 841 ;
1027 760 1065 827 et
1095 753 1242 853 quidem

185 864 356 940 credibile
376 872 444 952 est,
463 889 638 944 unacum
659 867 772 962 literis
794 875 831 941 et
848 868 985 942 artibus
1009 872 1242 945 caeremonias

184 977 296 1051 etiam
325 980 497 1076 quasdam
533 986 570 1054 et
604 981 697 1055 ritus
730 982 775 1054 ab
807 980 959 1056 Oriente
993 982 1031 1056 iu
1062 985 1243 1058 Graeeiam

129 1109 133 1114 '
184 1095 415 1169 transmissos
432 1095 543 1169 fuisse
555 1128 564 1184 3
593 1097 794 1194 praesertim
814 1121 899 1171 cum
920 1122 1040 1172 rerum
1064 1123 1242 1174 novarum

183 1234 287 1284 amor
321 1218 358 1285 et
393 1212 555 1285 studium
590 1212 713 1286 omnia
747 1213 982 1310 conquirendi
1016 1220 1053 1288 et
1087 1216 1126 1289 in
1156 1239 1241 1290 suos

183 1351 274 1402 usus
293 1329 528 1403 transferendi
548 1329 623 1428 jam
641 1331 729 1405 olim
749 1329 962 1404 Graecorum
988 1331 1118 1405 animis
1144 1333 1240 1406 inse-

185 1444 290 1520 derit.
343 1445 428 1518 Fuit
454 1445 564 1520 etiam
588 1445 798 1521 Graecorum
821 1448 946 1544 religio
970 1447 1104 1544 partim
1125 1449 1241 1522 omni-

183 1561 253 1636 bus
281 1561 496 1667 communis,
525 1563 660 1661 partim
688 1563 915 1660 singulorum
944 1563 1099 1661 propria.
1154 1564 1239 1639 Del-

184 1677 283 1774 phici
299 1679 480 1776 Apollinis
503 1689 540 1753 et
557 1680 740 1778 Olympici
757 1679 861 1754 Jovis
889 1682 1026 1779 templa
1051 1706 1176 1756 omues
1201 1682 1239 1756 in

183 1795 394 1872 universum
413 1796 531 1871 Graeci
552 1799 842 1896 frequentabant.
896 1799 981 1874 Hoc
1007 1799 1152 1874 iuterim
1172 1801 1239 1875 ses-

184 1921 265 1986 tum
305 1913 437 1988 Ionum
470 1915 571 1989 natio
608 1916 797 2012 proprium
832 1915 900 1990 sibi
939 1915 1104 1990 habuit&
1156 1915 1239 1992 Hoc

182 2029 468 2104 Atheniensibus
494 2030 580 2105 solis
609 2030 648 2103 in
674 2056 744 2105 usu
775 2028 881 2106 erat¹.
935 2031 1101 2108 Eundem
1127 2033 1239 2108 etiam

182 2147 304 2223 Deum
326 2149 396 2224 hoc
421 2155 531 2248 atque
550 2149 614 2223 illo
637 2148 783 2223 nornine
806 2150 898 2222 alius
924 2155 1032 2250 atque
1056 2153 1148 2226 alius
1172 2177 1236 2250 po-

182 2266 293 2363 pulus
318 2267 469 2352 colebat,
486 2275 640 2362 receptae
666 2266 831 2340 omnium
855 2266 1095 2364 Mythologiae
1121 2270 1238 2343 multa

183 2383 385 2457 intexentes
404 2407 484 2480 quae
511 2407 564 2464 ex,
579 2407 645 2456 sua
661 2382 813 2457 historia
838 2389 875 2457 et
901 2385 977 2457 suis
998 2386 1160 2459 moribus
1178 2386 1239 2458 de-

183 2498 293 2571 ducta
322 2504 435 2571 erant.
488 2496 596 2571 Hanc
628 2522 749 2571 rerum
784 2499 913 2572 saci'em
948 2498 1132 2574 Homerus
1168 2501 1237 2574 sibi

182 2610 384 2707 subjectam
420 2611 560 2698 habuit,
595 2610 732 2684 variam
772 2620 870 2685 certe
908 2616 946 2684 et
983 2612 1234 2709 multiplicem,

181 2750 298 2823 neque
318 2727 437 2802 adhuc
456 2733 500 2802 ut
522 2727 665 2800 videtur
687 2726 725 2799 in
750 2750 882 2825 corpus
908 2737 1147 2825 compactam,
1172 2728 1235 2801 sed

180 2868 223 2916 ex
241 2843 406 2917 omnium
425 2868 485 2917 ore
502 2854 539 2918 et
557 2869 602 2917 ex
619 2854 784 2918 veterum
803 2843 996 2918 Poetarum
1014 2843 1235 2919 carminibus

180 2960 333 3057 sparsim
368 2959 616 3034 hauriendam.
667 2960 725 3033 Ex
760 2961 830 3034 hac
863 2959 1022 3034 materiae
1056 2961 1160 3058 copia
1194 2987 1237 3036 ea

133 3113 137 3118 ·
180 3075 337 3149 delibare
357 3085 393 3149 et
416 3101 605 3173 excerpere
627 3077 742 3166 licuit,
769 3097 849 3172 quae
877 3075 944 3150 sibi
970 3100 1015 3152 ex
1043 3103 1081 3150 re
1104 3077 1234 3153 foreat.
1269 3141 1273 3154 .

93 3191 99 3202 '
151 3250 158 3259 .
181 3189 412 3290 Quocunque
429 3193 519 3268 adeo
532 3218 571 3267 se
583 3199 751 3280 verteret,
767 3217 918 3267 suorum
931 3194 1071 3267 animos
1088 3205 1235 3292 paratos

178 3307 318 3395 habuit,
340 3311 404 3406 qui
429 3311 467 3383 iu
492 3334 637 3407 gressus
663 3333 749 3383 suos
774 3308 879 3382 irent.
931 3309 1110 3383 Nondum
1135 3318 1233 3386 vete-

178 3446 256 3498 rem
281 3427 576 3523 superstitionem
602 3425 879 3500 labefactaverat
904 3426 1140 3524 Philosophia
1169 3429 1233 3502 sed

177 3544 344 3616 omnium
379 3550 519 3618 mentes
557 3550 808 3641 occupaverat,
844 3552 881 3618 et
915 3569 960 3618 ex
995 3545 1095 3618 omni
1130 3557 1234 3642 parte

178 3659 433 3754 dominabatur
461 3661 587 3758 religio
623 3662 818 3734 terroribus
853 3667 890 3734 et
924 3659 1055 3736 sabulis
1089 3661 1230 3735 referta.

175 3775 307 3873 Neque
342 3776 440 3850 enim
470 3778 624 3850 varietas
658 3782 804 3850 tantum
838 3777 903 3850 sed
933 3787 969 3850 et
1004 3774 1142 3849 indoles
1176 3801 1230 3849 re-

174 3891 319 3988 ligionis
338 3892 476 3967 Graecae
493 3893 615 3990 magni
637 3891 784 3966 fuit-“
796 3891 889 3968 Ecce
914 3893 1098 3989 fulgurum
1118 3895 1231 3966 moni-

174 4017 250 4098 tus,
281 4007 511 4086 oraculbrum
540 4011 717 4110 praesoita,
750 4008 957 4108 aruspicum
987 4010 1229 4108 pradictum?

176 4127 299 4202 omnia
324 4128 524 4202 formidinis
550 4131 668 4226 plena.
722 4127 813 4200 Haec
843 4134 930 4202 sunt
956 4128 1087 4228 quibus
1112 4129 1228 4204 Theo·

214 4294 428 4370 ''Auarodpm
460 4295 586 4370 Herod„
612 4295 633 4354 l.
661 4293 682 4354 i.
762 4289 964 4370 ιΠαναθήναια,
979 4301 1054 4355 aab.
1103 4269 1112 4286 ο

173 4391 200 4433 c.
218 4389 285 4451 147·
763 4380 787 4412 ¹¹¹
801 4373 1105 4445 Pta.‚1tat.ffist‚l.
1115 4374 1145 4436 ii.
1157 4393 1182 4436 c.
1196 4395 1224 4454 7.

692 4498 714 4546 1²
