3094 4898
318 257 382 320 118
639 285 853 334 ramrnmro
874 288 1040 337 srrrrrrr.

315 426 384 499 boc
404 426 500 499 enim
519 427 691 523 estquod
712 427 816 499 aiunt
839 428 977 501 nodum
994 428 1033 499 in
1050 429 1168 526 scirpo
1186 407 1370 524 quaerere3

314 565 432 638 neque
449 566 492 615 ea
509 543 769 616 recentioribus
786 543 927 631 Proclo‚
946 543 1139 632 Clementi,
1157 552 1196 618 et
1212 545 1371 619 Eusebio

312 657 554 753 reliquissent,
582 659 647 734 sed
675 682 780 732 verso
811 683 932 732 rerum
966 660 1093 734 ordine
1126 661 1195 757 ipsi
1227 662 1266 734 in
1299 660 1371 733 illis

312 773 428 868 magis
451 774 656 870 frequenter
676 781 713 847 et
738 774 851 868 magis
877 785 1042 848 accurate
1067 775 1202 849 versati
1226 783 1370 862 essent;

314 889 377 962 sed
393 890 492 984 apud
514 915 576 964 eos
600 891 754 964 obseura
775 897 922 980 tantum
939 891 984 964 de
1003 890 1176 988 Orphicis
1202 892 1297 967 lama
1313 896 1371 964 est

312 1028 423 1099 quam
442 1006 667 1100 arripuerunt
689 1007 906 1103 posteriores
929 1007 1021 1080 etin
1038 1031 1128 1082 usus
1145 1031 1230 1082 suns
1248 1018 1367 1081 trans-

313 1121 484 1194 tulerunt.

362 1237 504 1310 Deinde
522 1236 602 1334 ipse
623 1238 810 1312 literarum
833 1239 937 1335 origo
960 1248 998 1312 et
1013 1262 1102 1313 usus
1118 1239 1266 1336 Trojani
1282 1238 1369 1311 belli

311 1359 477 1450 tempora
497 1354 597 1426 haud
617 1355 668 1427 ita
688 1353 811 1426 multis
835 1355 965 1429 seculis
988 1357 1191 1428 antecessit.
1237 1353 1367 1450 Neque

311 1493 370 1541 me
388 1476 521 1558 movet,
540 1470 637 1566 quod
655 1469 762 1543 variae
780 1471 854 1543 sint
871 1472 1068 1568 superbae
1088 1495 1126 1544 re
1143 1472 1286 1544 fabulae.
1322 1469 1368 1542 In

310 1585 381 1658 boc
410 1588 540 1658 saltem
568 1585 729 1681 plerique
762 1587 1006 1672 consentiunt,
1035 1589 1094 1658 vel
1127 1585 1158 1659 si
1192 1587 1255 1682 qui
1284 1585 1367 1658 lites

310 1710 461 1772 movent
483 1701 626 1773 nullum
648 1700 796 1773 omnino
813 1725 939 1774 earum
954 1726 1064 1776 usum
1082 1701 1248 1774 Heroicae
1265 1703 1366 1775 aetati

310 1816 513 1888 concedunt
522 1813 541 1887 ¹.
595 1815 778 1890 Homerus
812 1818 890 1914 ipse
924 1818 1017 1891 hanc
1050 1842 1128 1890 rem
1161 1819 1268 1912 plane
1301 1841 1366 1912 ag-

310 1931 430 2004 noscit
446 1955 532 2004 cum
549 1933 594 2004 de
613 1933 850 2028 pugillaribus
867 1943 905 2006 et
921 1935 1075 2030 epistola
1090 1933 1366 2028 Bellerophonti

309 2047 451 2120 traditis
464 2049 573 2122 verba
589 2047 698 2136 facit3
726 2049 788 2122 sed
801 2073 887 2121 cum
899 2050 1011 2122 semel
1027 2055 1172 2122 tantum
1190 2050 1234 2121 de
1251 2048 1366 2120 literis

309 2164 484 2260 loquutus
509 2175 577 2252 est,
604 2165 768 2238 nondum
793 2190 916 2239 earum
944 2189 1052 2238 usum
1082 2163 1301 2237 increbuisse
1327 2171 1367 2236 et

309 2282 355 2354 ad
378 2281 509 2377 vulgus
535 2305 763 2378 permanasse
789 2281 958 2354 credibile
982 2288 1049 2354 est.
1105 2279 1190 2352 Suis
1213 2279 1366 2352 sortasse

309 2398 535 2493 temporibus
552 2397 666 2494 magis
684 2406 808 2493 aperta
825 2421 881 2471 res
905 2403 994 2484 erat,
1013 2421 1130 2492 neque
1147 2395 1245 2468 enim
1262 2395 1366 2468 facile

309 2514 443 2609 ignotis
472 2537 621 2610 prorsus
650 2513 763 2586 literis
793 2537 836 2586 eo
865 2538 982 2608 usque
1011 2513 1208 2587 accrevisse
1242 2513 1365 2608 potuit

309 2631 434 2728 lingua
451 2631 588 2704 Graeca.
628 2628 854 2702 Crediderim
871 2629 994 2726 itaque
1010 2630 1176 2702 inventas
1192 2627 1303 2700 luisse
1320 2628 1364 2700 li-

310 2758 405 2820 teras
422 2746 566 2842 Trojani
584 2746 669 2821 belli
692 2747 917 2843 temporibus
935 2747 998 2818 sed
1017 2745 1180 2818 nondum
1201 2768 1272 2816 usu
1292 2743 1309 2816 s
1347 2792 1364 2804 -

310 2873 500 2960 quentatas
514 2888 630 2960 neque
643 2863 688 2935 ab
703 2862 872 2935 omnibus
890 2862 1111 2948 intellectas;
1136 2861 1365 2956 nequeenim

309 2979 413 3052 aliter
437 3002 520 3051 men
548 2979 697 3074 quidem
726 2977 907 3072 sententia
930 2977 1083 3050 Homeri
1112 2975 1225 3072 ipsius
1255 2999 1367 3072 opera

309 3095 518 3188 incorrupta
543 3094 676 3166 servari
703 3093 920 3190 potuissent,
949 3116 1067 3188 neque
1093 3099 1240 3165 tantum
1266 3091 1365 3164 valet

309 3210 495 3294 memoria,
522 3214 710 3304 utcunque
738 3210 791 3281 illi
821 3233 867 3281 ex
894 3208 1096 3282 necessaria
1122 3215 1161 3280 ct
1189 3213 1365 3304 perpetua

310 3325 564 3400 exercitatione
586 3324 642 3397 vis
665 3325 863 3412 accesserit,
890 3331 935 3397 ut
960 3331 1074 3398 tentae
1103 3323 1363 3420 magnitudinis

310 3467 420 3539 opera
449 3463 530 3539 quae
556 3447 614 3513 tot
644 3442 806 3538 partibus
834 3447 1005 3514 constant
1035 3443 1298 3536 complectatur
1325 3451 1364 3511 et

308 3561 449 3657 integra
478 3559 549 3631 fide
577 3558 732 3656 posteris
766 3557 897 3630 tradat.
957 3555 1015 3629 De
1049 3555 1163 3630 literis
1192 3579 1301 3651 porro
1332 3557 1363 3626 si

309 3676 518 3751 recentioris
565 3675 719 3748 fuissent
764 3672 912 3769 originis
955 3672 1070 3768 magis
1112 3671 1226 3744 facilis
1268 3681 1365 3744 esset

310 3793 473 3891 quaestio.

359 3910 513 3984 Constat
538 3908 649 4006 igitur
672 3907 774 3980 nulla
798 3905 911 4001 ipsius
936 3903 1076 4001 Orphei
1106 3913 1144 3977 et
1170 3901 1299 3976 Musaei
1326 3911 1365 3975 et

309 4035 523 4098 caeterorum
534 4025 696 4121 ejusdem
708 4024 776 4096 aevi
790 4022 924 4118 scripta
937 4027 1083 4094 aetatem
1099 4020 1226 4094 tulisse
1235 4049 1245 4106 ;
1265 4020 1364 4115 quod

308 4139 452 4237 quidem
486 4141 646 4236 longiore
680 4139 843 4212 oratione
872 4145 910 4210 et
939 4136 1104 4233 pluribus
1140 4135 1362 4232 argumentis

578 4293 585 4332 ¹
605 4296 721 4374 Joeept.
735 4303 810 4356 conl.
827 4297 920 4370 Apion
934 4339 941 4366 ‚
957 4292 974 4352 l.
990 4292 1008 4352 i.
1025 4313 1049 4354 e.
1066 4319 1090 4352 r.
