3096 4886
273 245 318 310 64
606 273 819 320 numerurm
841 273 992 332 ornum.

272 431 375 494 votas
409 419 521 516 dapes
556 418 633 493 sine
667 420 767 494 hisce
798 421 1012 494 ceremoniis
1047 422 1237 520 auspicato
1271 425 1326 500 in-

271 536 425 610 staurari
440 561 547 632 posse
563 536 768 612 credebant.
823 537 990 611 Eundem
1011 539 1127 614 cuivis
1150 541 1267 615 officio
1289 551 1328 616 et

272 655 356 727 vitae
389 653 531 727 muneri
566 660 604 726 et
630 653 768 727 artibus
798 655 962 750 singulis,
998 655 1108 730 etiarn
1142 658 1213 730 illis
1246 684 1327 755 quae

272 772 393 846 minus
426 771 587 844 honestas
621 779 720 859 sunt,
757 772 946 870 praesidem
981 773 1225 864 adhibebant;
1269 801 1326 864 eo,

272 892 393 976 oredo,
424 890 558 977 animo,
588 895 631 962 ut
665 889 798 987 ubique
832 899 1048 988 praeseutem
1077 901 1325 988 agnoscerent.

272 1007 377 1080 Adeo
394 1031 539 1080 omnem
556 1006 670 1079 vitam
695 1008 923 1104 permanavit
945 1019 983 1082 et
1005 1009 1044 1081 in
1065 1009 1231 1083 omnium
1247 1011 1326 1083 ani·

271 1125 341 1198 mis
362 1124 495 1199 insedit
520 1149 605 1220 erga
622 1124 742 1199 Deum
768 1125 895 1222 pietas,
914 1137 952 1200 et
975 1151 1049 1199 suae
1073 1127 1328 1202 imbecillitatis

271 1239 429 1316 sensus¹.
483 1241 517 1314 N
519 1266 560 1315 eo
576 1267 662 1315 vero
680 1241 812 1316 frustra
828 1250 897 1331 est,
917 1243 1016 1339 quod
1037 1242 1088 1316 ait
1105 1243 1325 1342 Xenophon,

271 1383 331 1433 eas
359 1385 416 1434 res
446 1384 526 1456 quae
555 1359 651 1433 inter
677 1358 855 1432 humanas
880 1367 918 1433 et
944 1360 1182 1434 diuturnitate
1207 1373 1245 1436 et
1269 1386 1326 1435 sa-

271 1477 409 1574 pientia
425 1477 599 1562 eminent,
619 1475 858 1572 Respublicas
875 1476 1014 1550 seilicet
1031 1487 1069 1549 et
1091 1477 1254 1552 civitates
1271 1504 1326 1553 re-

271 1595 396 1691 ligioni
413 1593 568 1666 maxime
587 1593 727 1665 deditas
745 1617 823 1667 esse
839 1625 849 1681 ;
876 1595 935 1666 vel
952 1593 1051 1690 quod
1074 1596 1201 1668 eodem
1219 1597 1325 1682 redit,

271 1736 352 1785 eam
370 1711 478 1784 simul
496 1735 581 1783 curn
604 1707 832 1784 humanitate
851 1711 934 1784 vitae
957 1713 1172 1799 adolescere,
1191 1724 1228 1788 et
1253 1737 1327 1787 una

270 1853 356 1902 cum
373 1827 434 1900 illa
449 1827 604 1899 adaucta
620 1833 657 1898 et
674 1826 836 1899 stabilita
847 1828 1057 1902 inveterare.
1110 1829 1195 1905 Quo
1212 1829 1327 1926 magis

270 1945 393 2042 itaque
421 1943 460 2016 in
489 1941 693 2016 Homericis
719 1944 943 2039 temporibus
971 1944 1115 2043 pietatis
1148 1952 1187 2019 et
1220 1945 1327 2022 officii

270 2087 355 2158 erge
387 2060 509 2134 Deum
543 2083 692 2132 sensum
725 2084 912 2156 agnoscas,
948 2085 992 2134 eo
1026 2063 1072 2135 ab
1101 2063 1252 2136 immani
1286 2071 1326 2138 et

270 2179 378 2252 effera
402 2179 478 2252 vita
502 2177 712 2251 remotiores
738 2203 817 2252 esse
842 2179 997 2253 fatearis.
1050 2178 1151 2256 Quin
1176 2187 1215 2254 et
1236 2181 1327 2255 illud

271 2297 381 2371 etiam
407 2297 617 2383 didicerant,
637 2297 781 2392 publica
804 2297 1027 2372 authoritate
1049 2308 1086 2373 et
1109 2299 1251 2396 legibus
1270 2325 1326 2374 re·

271 2415 443 2512 ligionem
469 2417 632 2502 sancire3
664 2417 769 2513 quasi
793 2415 871 2490 sine
896 2417 959 2490 illa
983 2419 1085 2491 nulla
1110 2417 1328 2516 Respublica

271 2557 389 2631 neque
411 2532 602 2607 hominum
627 2533 870 2608 communitas
895 2557 974 2607 esse
999 2544 1133 2632 posset.
1188 2533 1232 2607 ln
1258 2534 1328 2609 hac

270 2651 381 2724 etiam
394 2675 433 2724 re
449 2660 586 2725 caeterae
600 2649 749 2725 Greciae
767 2650 881 2725 facem
900 2653 1147 2749 praeluxerunt
1157 2652 1325 2726 Athenae.

270 2763 371 2842 Huic
396 2767 492 2842 enim
516 2769 638 2843 seculo
660 2769 838 2842 debentur
856 2766 996 2842 Cereris
1018 2767 1213 2842 Eleusiniae
1230 2792 1326 2865 mys·

270 2883 371 2974 teria,
391 2885 435 2958 de
460 2885 696 2982 quibuscum
713 2891 880 2959 accurate
903 2891 941 2958 et
963 2885 1071 2983 plene
1088 2883 1287 2982 disceptare
1303 2908 1327 2958 a

269 3001 459 3098 proposito
483 3011 610 3075 nostro
634 3004 794 3076 alienum
820 3009 888 3089 est,
915 3000 1007 3075 illud
1031 3009 1156 3075 tamen
1181 3001 1327 3076 silentio

269 3140 345 3190 non
362 3124 418 3191 est
429 3119 735 3215 praetereundum,
751 3120 849 3216 quod
861 3125 917 3193 tot
936 3118 1134 3192 authorum
1146 3141 1327 3192 consensu

270 3233 448 3308 affirmare
477 3232 573 3324 licet,
609 3260 654 3309 ex
682 3235 752 3309 illis
780 3234 978 3309 haurienda
1011 3235 1123 3308 i'uisse
1150 3233 1328 3332 principie

271 3351 436 3449 quaedam
458 3351 573 3426 beatae
597 3351 682 3426 vitae
707 3362 745 3426 et
767 3353 957 3426 sanctioris
983 3351 1176 3450 religionis.
1228 3351 1328 3427 Hinc

272 3467 430 3542 Cicero¹¹
444 3473 530 3541 :-“
546 3468 646 3545 Nam
678 3469 770 3543 mihi
805 3494 891 3544 cum
925 3471 1042 3543 multa
1069 3468 1203 3542 eximia
1235 3467 1328 3542 divi-

269 3611 390 3684 naque
423 3587 595 3663 videntur
621 3588 775 3662 Athenae
809 3601 882 3661 tuae
917 3587 1111 3684 peperisse,
1146 3593 1257 3683 atque
1289 3584 1329 3660 in

269 3703 382 3779 vitam
415 3705 607 3780 bominum
641 3705 820 3790 attulisse,
855 3717 936 3778 tum
971 3703 1061 3776 nihil
1094 3702 1224 3776 melius
1256 3701 1328 3776 illis

270 3823 458 3923 mysteriis,
479 3825 610 3922 quibus
628 3849 672 3898 ex
691 3824 824 3922 agresti
846 3822 1069 3920 immanique
1091 3817 1169 3894 vita
1190 3819 1329 3894 exculti

310 4057 319 4096 ¹
333 4056 435 4118 Habes
448 4056 527 4140 apud
542 4059 696 4119 Platonem
709 4057 832 4138 private
845 4054 982 4117 amicitia
995 4073 1109 4116 numen
1120 4079 1173 4116 r·-

508 4155 544 4204 Οὒ
554 4154 589 4216 μὶ
598 4153 644 4204 τὸν
653 4154 737 4218 φίλων
746 4154 791 4205 τὸν
801 4153 860 4216 tuta
869 4171 899 4202 τε
909 4152 948 4203 eal
959 4152 1012 4211 σὺν,
1024 4157 1099 4202 urs-h.

832 4217 957 4270 Aieitiod.
969 4217 986 4268 i.
998 4234 1022 4283 p
1033 4229 1090 4280 433.
1100 4217 1161 4268 odit.
1172 4216 1262 4268 Ticini.

311 4296 331 4325 ¹¹
351 4285 400 4347 De
412 4285 496 4366 Lep,
509 4284 529 4343 l.
544 4282 574 4343 ii.
588 4305 613 4344 c.
632 4313 670 4360 ¹4·
