3094 4898
545 343 756 394 rnnrrorm
782 343 930 392 οοοενε.
1200 335 1262 398 189

210 493 416 592 quicunque
437 495 583 567 demum
607 493 740 592 fuerint
762 517 854 590 quos
878 491 1018 566 Daedali
1041 492 1187 566 nomine
1212 495 1229 568 f
1249 541 1264 554 ·

209 611 337 684 bulosa
366 620 453 684 aetas
484 609 664 708 designari
689 610 818 684 voluit.
872 610 1026 684 Iuventa
1055 611 1194 684 Daedali
1226 622 1263 684 et

210 727 413 800 fabularum
437 728 483 801 de
505 751 549 800 eo
572 727 728 824 origines
750 733 828 800 tam
852 727 985 801 diserte
1008 729 1106 824 apud
1126 733 1265 801 veteres

210 853 425 920 enarrantur
442 857 484 918 ut
502 845 547 917 de
564 843 608 918 iis
626 845 785 919 dubitari
803 869 878 918 non
895 845 1033 941 possit⁰
1048 876 1108 917 :-·

369 1009 406 1062 Τὰ
420 1007 448 1062 δὲ
463 1007 603 1064 Δαιδαλεία
617 1007 687 1080 φασδ
701 1009 827 1064 κινεῖσθαι
842 1010 1057 1080 τοιουτοτρόποις,

367 1103 431 1159 Τοὺς
446 1103 596 1175 ἀνδριάντας
607 1107 737 1177 πρότερον
749 1107 800 1178 πρδ
813 1105 915 1176 χρόνον
927 1107 975 1159 τοῦ
988 1105 1120 1160 Δαιδάλου
1191 1124 1196 1134 ·

371 1198 560 1272 Ἐδημίουργον
572 1199 687 1272 ἄχειρας,
703 1199 810 1268 ἄποδας,
826 1201 983 1272 ἆορρείτους,

372 1301 480 1368 Πρῶτος
492 1293 515 1350 δ’
531 1299 546 1351 δ
560 1295 689 1358 Δαίδαλος
702 1297 778 1353 αὐτὸς
792 1298 874 1352 διεῖλε
886 1300 985 1369 χεῖρας,
1001 1297 1091 1364 πόδας,

370 1387 521 1446 Δακτύλους
534 1389 702 1461 διηρμόσατο,
718 1391 759 1443 καὶ
772 1388 898 1461 βλέφαρα
912 1391 953 1443 καὶ
967 1389 1052 1444 τάλλα

365 1484 446 1540 Ὅθεν
459 1489 474 1540 ὁ
486 1483 569 1556 μῦθος
581 1483 701 1541 rimare
714 1484 840 1541 κυεῖσθαι
852 1487 884 1541 τδ
899 1487 1041 1542 Δαιδάλου.

212 1625 351 1700 Eadem
375 1626 448 1700 fere
473 1627 584 1701 habet
606 1625 791 1700 Diodorus
802 1625 827 1699 ‘¹.
881 1625 1035 1723 Ligneas
1061 1631 1183 1699 eutem
1204 1627 1264 1699 ad-

212 1742 285 1816 huc
302 1743 413 1817 fuisse
430 1743 571 1818 Daedali
588 1751 728 1818 statuas
745 1749 848 1842 patet
860 1768 905 1818 ex
918 1744 980 1818 illo
995 1742 1134 1816 Cratini
1147 1753 1264 1839 poetae

214 1859 352 1935 Comici
366 1886 438 1956 quo
451 1860 590 1934 fabulas
603 1859 793 1934 Daedaleas
806 1861 922 1935 facete
933 1861 1076 1935 inridet.
1120 1859 1266 1934 Etenim

212 1977 439 2073 percontanti
457 1977 612 2065 cuidam,
632 2001 799 2075 quaenam
817 1983 939 2051 statua
961 1979 1105 2051 sublata
1127 1987 1194 2065 est,
1214 2003 1266 2052 re·

214 2119 389 2191 sponsum
408 2092 617 2190 subjicitur⁰
629 2125 692 2166 ε·-

374 2261 498 2332 occupas
511 2261 616 2330 ξύλινος
629 2262 733 2329 ἐκεῖνος,
750 2261 821 2316 ἀλλὰ
835 2263 948 2334 χαλκοῦς
962 2260 998 2316 δυ
1010 2261 1119 2336 ἀπέδρα,

373 2357 491 2426 Πότερον
504 2355 657 2412 Δοιδιίλειος
670 2352 709 2422 ἤν,
727 2357 745 2424 'i
756 2376 796 2412 τις
809 2355 923 2426 ἔκλεψεν
937 2355 1021 2410 αὐτόν·

213 2510 312 2577 etex
329 2503 392 2576 illo
410 2502 520 2576 etiarn
537 2503 700 2577 Platonis
718 2499 879 2578 Comiei¹
890 2538 951 2576 :-

369 2669 465 2742 Ἐρμῆς
478 2671 569 2742 ἔγωγε·
591 2670 722 2725 Δαιδάλου
736 2672 826 2742 φωνὴν
838 2673 906 2744 ἔχων

369 2765 479 2824 linares
492 2767 606 2834 βαδίζων
619 2767 768 2837 αὐτομάτως
781 2767 907 2838 ε’λῆλυθα.

213 2922 401 2998 Hactenus
427 2924 538 3022 igitur
562 2925 601 2998 in
631 2925 799 3000 Heroicis
829 2925 1056 3024 temporibus
1085 2925 1266 3024 progressi

212 3049 310 3129 sunt,
329 3067 396 3117 uec
416 3043 485 3116 nisi
502 3045 612 3140 longo
629 3051 713 3140 post
731 3047 922 3120 intervallo
939 3048 983 3119 ad
998 3046 1102 3142 signa
1114 3070 1159 3118 ex
1174 3068 1265 3117 mar-

214 3183 316 3240 more
333 3166 398 3233 aut
420 3184 490 3233 aere
513 3161 669 3235 conflata
693 3163 888 3236 deventum
911 3172 978 3236 est.
1034 3161 1131 3235 Illud
1157 3161 1267 3233 etiam

214 3275 365 3370 dignum
394 3283 450 3350 est
485 3278 583 3374 quod
617 3277 883 3353 animadvertas
918 3279 1012 3352 inter
1046 3277 1196 3375 Dipoeni
1231 3283 1269 3348 et

214 3393 380 3490 Scyllidis
404 3419 515 3491 opera
537 3418 619 3490 quae
642 3402 807 3470 recenset
829 3396 1027 3471 Pausanias
1051 3395 1124 3470 fere
1148 3393 1271 3468 omnia

132 3503 134 3506 ’
213 3537 258 3585 ex
281 3513 380 3609 ligno
404 3514 560 3588 conficta
582 3538 671 3589 esse.
724 3513 885 3589 Tandem
909 3515 1104 3612 aliquando
1128 3514 1270 3587 Phidiae
1293 3522 1297 3528 ’

213 3652 322 3723 opera
339 3635 377 3701 et
396 3628 542 3722 Periclis
566 3629 764 3726 patrocinio
788 3637 1041 3707 consummata
1064 3655 1121 3703 res
1146 3635 1215 3716 est,
1234 3637 1272 3702 et

214 3745 343 3818 eodem
366 3771 438 3842 quo
462 3746 608 3819 Poetice
631 3749 798 3836 deducta,
824 3761 867 3823 ut
891 3771 1065 3846 personas
1089 3753 1127 3819 et
1149 3770 1269 3819 mores

215 3861 406 3935 hominurn
425 3863 639 3937 adumbrare
657 3866 897 3962 aggrediatur.

268 3977 337 4051 Sed
355 3977 393 4052 in
411 3979 606 4053 Homerica
623 3991 730 4056 aetate
751 3990 806 4072 (nt
823 3985 1036 4081 plerumque
1054 3983 1109 4070 fit)
1130 3978 1267 4054 medies

217 4097 313 4169 iuter
328 4097 497 4169 tenebras
515 4097 607 4170 lucis
625 4098 759 4195 aliquid
777 4101 948 4195 effulget;
977 4107 1013 4172 et
1031 4099 1060 4172 si
1079 4097 1168 4172 illud
1181 4123 1268 4171 con-

257 4287 266 4310 ‘
290 4277 524 4348 Tartarassiila
540 4303 633 4352 r-rq.
795 4279 807 4313 ‘¹
828 4281 916 4340 Diod.
936 4280 1040 4348 Sicut„
1055 4279 1075 4338 l.
1090 4279 1128 4337 ir.
1143 4297 1169 4337 c.
1187 4289 1227 4351 7⁶·
1294 4337 1298 4344 .

257 4365 267 4388 ⁸
288 4359 381 4437 Apud
394 4358 490 4417 Seirai.
507 4360 539 4416 in
557 4358 662 4437 Ευνίρ.
683 4358 768 4431 Iler„
783 4379 808 4418 v.
825 4371 882 4432 838.
959 4359 967 4392 ¹
986 4357 1076 4439 Apud
1090 4356 1226 4418 eundem.
