3096 4886
288 277 330 342 14
492 296 846 350 conmonuemus
871 299 1131 352 reaccensus

286 447 406 522 Graeci
418 445 675 544 suspiciebant,
690 453 843 545 etaquo
856 447 1029 547 quiequid
1042 447 1113 546 ipsi
1122 446 1343 546 profecerint

286 589 325 640 se
338 565 501 640 hausisse
517 563 673 640 libenter
688 571 905 662 agnoscunt.
959 565 1074 639 Hunc
1085 565 1289 661 'lbagoediae
1305 577 1345 642 et

287 681 484 756 Oomoedire
495 685 639 778 patrem
655 682 791 757 fatetur
807 683 1036 772 Aristoteles,
1055 706 1123 756 nec
1138 689 1287 758 tantum
1303 685 1344 758 in

286 785 415 896 grandi
432 809 469 874 et
486 798 680 894 magnifico
692 802 896 874 carminum
913 825 1044 897 genere
1061 824 1100 874 se
1113 801 1244 875 ducem
1260 803 1343 876 aliis

286 915 494 1013 praebuisse,
514 912 706 988 sedetiam
723 915 762 988 in
786 915 979 1012 asperitate
996 924 1035 989 et
1053 915 1145 1011 jocis
1164 914 1341 991 Satiricis.

285 1031 398 1106 Hunc
416 1032 595 1106 Pindarus
617 1032 657 1105 in
680 1057 742 1106 ore
758 1057 903 1130 semper
923 1032 1065 1120 habuit,
1083 1042 1121 1108 et
1137 1039 1181 1106 ut
1198 1033 1343 1108 videtur

286 1159 415 1224 cetera
424 1150 637 1249 Lyricorum
653 1175 795 1226 manus.
848 1148 972 1224 Etiam
988 1150 1097 1224 latius
1114 1154 1217 1247 patet
1232 1173 1342 1245 argu-

287 1275 454 1342 mentum
471 1275 662 1344 nostrum:
690 1292 765 1342 non
786 1266 884 1342 enim
899 1267 1022 1342 Poetae
1044 1273 1201 1356 tantum,
1220 1267 1284 1340 sed
1304 1273 1343 1340 et

288 1383 463 1460 Historioi
479 1411 624 1485 quoque
635 1385 840 1460 Homerum
857 1383 984 1458 sedulo
1001 1384 1178 1458 colebant.
1231 1383 1343 1478 Apud

287 1500 519 1578 Herodotum
530 1503 677 1600 passim,
695 1509 734 1576 et
746 1503 911 1599 quaedam
923 1501 1033 1575 etiam
1045 1501 1142 1597 apud
1157 1499 1342 1597 Thucydi-

288 1620 372 1692 dem
383 1643 557 1715 agnoscas
568 1619 670 1695 ducis
683 1619 741 1693 sui
749 1618 914 1714 vestigia.
958 1617 1073 1692 Mitto
1086 1627 1259 1706 oratores,
1279 1615 1343 1713 qui

287 1744 411 1809 tamen
430 1743 548 1809 totam
567 1736 641 1810 lere
663 1741 779 1809 artem
804 1759 910 1809 suam
931 1736 977 1809 ab
1004 1735 1167 1810 Homero
1184 1733 1343 1810 mutuati

168 1909 173 1918 .
287 1857 385 1926 sunt.
420 1849 547 1946 Neque
556 1873 644 1922 vero
661 1849 761 1947 apud
776 1849 875 1946 ipsos
891 1848 1131 1946 philosophos
1147 1847 1187 1920 in
1202 1847 1342 1922 minore

286 1965 406 2063 pretio
431 1965 512 2055 fuit,
539 1990 649 2063 quem
675 1966 811 2040 scilicet
833 1966 939 2040 Plato
965 1974 1003 2042 et
1025 1953 1240 2038 Aristoteles
1265 1973 1341 2038 tam

287 2106 363 2155 non
391 2083 682 2170 contemnebant,
707 2088 751 2157 ut
776 2083 817 2156 in
843 2081 1033 2158 sententiis
1059 2080 1138 2177 ejus
1164 2081 1341 2178 interpre-

286 2197 407 2274 tandis
436 2223 618 2274 summam
644 2223 791 2296 operam
821 2205 1032 2298 gnavarent.
1083 2198 1198 2295 Apud
1222 2203 1342 2280 totum

287 2315 442 2414 denique
459 2315 638 2391 Graeciam
659 2315 813 2390 Homeri
838 2313 1041 2390 authoritas
1064 2313 1264 2412 plurimum
1280 2339 1342 2392 va·

287 2431 397 2506 lebat.
448 2431 503 2504 Ex
519 2431 629 2528 hqjus
652 2430 871 2508 carminibus
894 2430 1082 2506 civitatum
1099 2429 1181 2502 lites
1197 2429 1341 2504 dirime·

287 2549 441 2623 bantur:
469 2549 570 2622 hunc
585 2548 624 2621 in
641 2547 805 2622 maximis
822 2553 861 2621 et
878 2546 1098 2644 gravissimis
1121 2547 1230 2620 rebus
1248 2545 1341 2622 Ora·

288 2675 397 2753 tores,
414 2664 535 2762 legati,
554 2664 638 2742 etii
660 2666 725 2763 qui
746 2664 786 2736 in
801 2663 987 2762 republica
1010 2663 1256 2762 principatum
1277 2665 1341 2740 ob·

287 2784 490 2872 tinuerunt,
504 2792 636 2859 testem
648 2781 715 2858 sibi
732 2782 991 2872 admiscebant,
1006 2791 1044 2857 et
1055 2807 1098 2856 ex
1110 2781 1207 2859 illius
1220 2792 1342 2861 mente

287 2899 402 2976 vitam
418 2925 524 2976 suam
540 2911 577 2976 et
594 2900 745 2976 cunulis
760 2899 1011 2976 instituebant.
1064 2898 1166 2976 Huic
1187 2900 1342 2998 denique

287 3017 540 3092 informandis
552 3017 732 3114 juvenum
747 3017 877 3092 animis
894 3023 932 3092 et
954 3016 1159 3095 erudiendis
1181 3017 1342 3115 primum

287 3155 331 3209 ce
359 3135 583 3230 praecipuum
605 3135 729 3210 locum
754 3158 881 3210 omnes
903 3159 979 3212 uno
999 3159 1180 3213 consensu
1205 3135 1342 3211 detule-

287 3255 387 3324 runt.
438 3248 514 3324 Hie
530 3259 586 3326 est
602 3249 674 3338 ille,
693 3275 803 3348 quem
815 3251 893 3348 jam
909 3275 956 3328 ex
972 3251 1231 3350 antiquissimis
1248 3257 1341 3328 tem·

287 3367 438 3464 poribus
454 3367 558 3444 avide
580 3368 732 3466 excepit,
751 3373 790 3442 et
812 3369 959 3445 civitate
984 3369 1088 3468 quasi
1110 3369 1260 3446 dcnmb
1275 3395 1342 3469 po·

287 3484 397 3580 pulos
429 3483 664 3559 Atheniensis
676 3517 687 3574 ;
713 3509 824 3583 quem
860 3485 989 3562 itidem
1021 3511 1098 3562 non
1136 3487 1343 3586 repudiavit

287 3610 431 3675 austera
445 3600 602 3699 Lycurgi
618 3601 817 3700 disciplina.

337 3713 492 3804 Videtis,
519 3713 737 3806 Academici,
756 3727 1010 3814 argumentum
1033 3719 1078 3794 de
1100 3745 1173 3818 quo
1198 3721 1339 3818 loquor,

285 3830 568 3930 haudquaquam
592 3833 767 3932 exiguum
790 3859 881 3922 esse,
899 3857 1017 3932 neque
1039 3837 1148 3912 emtis
1164 3836 1342 3914 limitibus

286 3947 548 4036 constrictum
575 3950 640 4025 sed
657 3975 804 4027 omnem
819 3952 893 4026 fere
911 3951 1123 4028 Graecorum
1139 3953 1342 4030 docuinam

286 4067 462 4160 tanquam
495 4067 541 4140 ab
575 4091 649 4141 uno
678 4069 780 4144 fonte
809 4067 1010 4144 derivatam
1037 4071 1242 4168 complecti.
1293 4071 1342 4146 ut

287 4203 373 4254 cum
389 4179 575 4257 literamm
590 4207 693 4258 amor
709 4191 747 4260 et
764 4186 926 4262 studium
945 4211 968 4261 a
985 4186 1121 4263 Grecis
1143 4189 1192 4264 ad
1206 4188 1341 4263 Bnma·

285 4319 367 4388 nos,
384 4307 422 4374 st
441 4297 591 4398 proinde
607 4301 656 4376 ad
680 4303 896 4380 recentiores
918 4305 1143 4403 profluxerit,
1162 4305 1223 4382 vix
1245 4305 1342 4405 quie·
