3058 4908
269 309 335 375 264
534 325 745 374 rauranum
770 325 1065 386 necrus-cunm

266 473 332 547 Est
348 476 445 548 enirn
462 499 527 571 pes
544 481 609 548 aut
626 501 756 550 manus
773 475 912 572 integra
928 501 1014 550 cum
1026 475 1140 550 totius
1157 473 1317 572 corporis

268 617 351 688 pars
379 593 437 666 sit.
491 591 702 676 Quinetiam
728 619 802 667 non
829 600 974 667 tantum
1000 592 1146 666 bellicas
1172 618 1230 666 res
1254 593 1318 666 sed

267 708 336 781 alia
361 708 470 782 etiam
488 735 569 807 quae
594 709 641 782 ad
667 733 785 782 mores
811 717 847 782 et
864 709 1091 806 disciplinam
1109 733 1184 782 suae
1201 711 1317 782 aetatis

267 833 434 922 spectant
451 825 602 900 feliciter
614 827 813 900 immiscuit
830 839 1004 924 tanquam
1016 850 1059 900 ea
1073 851 1153 922 quae
1166 827 1211 900 de
1223 825 1318 899 ludis

266 942 476 1016 funebribus
493 953 727 1040 peraguntur,
746 968 789 1017 ea
807 967 888 1040 quae
905 945 944 1016 in
962 953 1066 1018 scuto
1083 943 1239 1017 Achillis
1256 943 1318 1015 de-

266 1061 448 1157 pingendo
475 1062 520 1134 ad
538 1061 656 1135 varios
681 1061 831 1159 privatae
857 1070 896 1135 et
919 1061 1072 1160 publicae
1089 1065 1174 1136 vitae
1199 1087 1317 1135 mores

266 1177 482 1266 reseruntur,
500 1189 610 1277 atque
628 1203 670 1251 ea
690 1179 799 1252 etiam
817 1203 898 1276 quae
916 1181 960 1253 de
986 1180 1095 1253 sacris
1117 1186 1156 1252 et
1172 1179 1317 1252 foederis

267 1293 449 1368 sanciendi
474 1296 548 1368 ritu
574 1297 728 1392 sparsim
753 1297 1003 1385 inveniuntur,
1031 1297 1093 1370 sed
1119 1295 1318 1370 immiscuit

266 1414 376 1487 etiam
411 1415 616 1489 domesticae
646 1415 730 1487 vitae
765 1416 1046 1489 consuetudines
1075 1426 1113 1487 et
1142 1415 1316 1502 offectus;

266 1557 383 1630 neque
400 1533 533 1606 frustra
554 1533 593 1604 in
611 1531 726 1606 Iliade
748 1557 833 1606 suas
850 1534 949 1606 vices
973 1534 1108 1606 habent
1125 1531 1260 1607 Briseis
1279 1542 1318 1605 et

265 1651 409 1724 Helena
430 1659 466 1724 et
483 1650 748 1737 Andromache,
768 1675 886 1747 neque
909 1674 983 1724 non
1003 1651 1049 1723 ad
1075 1655 1195 1723 totum
1219 1675 1318 1724 com-

265 1769 440 1864 plendum
473 1768 623 1842 faciunt.
691 1767 789 1840 Illud
822 1769 932 1841 etiam
967 1775 1075 1856 recte,
1108 1768 1208 1864 quod
1241 1793 1315 1841 cer-

265 1893 389 1958 tamen
410 1909 515 1982 aequo
533 1885 607 1958 fere
624 1892 740 1958 marte
762 1885 941 1959 committi
960 1887 1098 1974 voluit;
1125 1885 1315 1958 nonenim

265 2000 335 2076 alia
358 2003 402 2074 de
425 2026 535 2076 causa
560 2001 736 2076 universae
762 2001 920 2076 historiae
948 2002 1233 2099 pulcherrimum
1259 2008 1316 2075 est

265 2121 443 2216 exemplar
459 2120 595 2192 bellum
613 2119 958 2216 Peloponnesiacum
976 2144 1087 2216 quam
1103 2120 1202 2217 quod
1218 2120 1315 2216 apud

267 2236 414 2311 Graecas
439 2238 603 2310 civitates
625 2239 804 2333 jamtum
829 2239 941 2334 aequis
966 2237 1105 2312 viribus
1130 2245 1313 2311 concerta·

266 2369 347 2430 tum
373 2361 451 2443 est;
478 2355 529 2428 ita
555 2355 683 2448 statuit
709 2354 952 2452 Thucydides,
980 2355 1031 2427 ita
1051 2354 1248 2442 Homerus,
1276 2356 1314 2427 in

264 2473 336 2570 isto
358 2499 479 2547 rerum
497 2481 597 2546 statu
620 2471 769 2544 humani
794 2471 929 2570 ingenii
947 2473 1039 2545 vires
1063 2472 1220 2545 maxime
1237 2496 1314 2546 sese

265 2589 402 2676 efferre,
428 2586 501 2660 ubi·
517 2595 663 2660 strenue
690 2587 819 2683 agendi
845 2587 951 2683 copia
971 2587 1016 2659 sit
1044 2595 1080 2660 et
1106 2587 1312 2660 necessitas.

265 2704 392 2802 Itaque
422 2705 576 2802 publicae
605 2703 689 2776 vitae
719 2714 839 2778 totum
874 2703 1055 2777 ambitum
1081 2703 1315 2800 completitur

266 2823 361 2912 Ilias,
391 2823 512 2919 itaque
548 2822 585 2895 in
619 2829 723 2895 tanta
750 2823 924 2895 varietate
958 2846 1196 2919 personarum
1223 2846 1313 2894 una·

265 2965 416 3038 quaeque
439 2964 546 3014 suum
563 2940 684 3012 locum
706 2939 826 3027 babet,
846 2963 962 3036 neque
979 2940 1054 3012 ulla
1074 2964 1119 3012 ex
1141 2945 1245 3037 parte
1261 2946 1314 3014 te-

264 3082 362 3130 mere
379 3058 474 3129 inter
490 3082 529 3129 se
546 3067 610 3130 aut
627 3059 834 3153 perturbate
851 3058 1141 3131 committuntur.
1192 3056 1314 3131 Etiam

264 3173 343 3268 ipsa
354 3172 521 3246 Nestoris
547 3174 738 3268 garrulitas
756 3184 972 3269 argumento
988 3175 1117 3248 fabulae
1134 3174 1313 3264 inservit‘,

264 3288 361 3363 illius
379 3289 475 3362 enim
493 3315 603 3386 opera
623 3290 866 3365 misericordia
892 3315 976 3386 erga
994 3315 1080 3364 suos
1102 3291 1139 3364 in
1157 3291 1314 3365 Patrocli

264 3409 386 3482 animo
404 3408 544 3481 insidet.
589 3407 691 3482 Idem
708 3411 839 3484 effoetis
853 3412 930 3508 jam
948 3411 1081 3485 viribus
1098 3435 1173 3484 non
1188 3418 1312 3484 tamen

265 3527 398 3603 frustra
424 3551 555 3623 pugnae
582 3525 766 3601 inteaestd.
819 3529 943 3626 Atque
970 3529 1048 3603 haee
1083 3537 1139 3601 est
1165 3529 1228 3602 illa
1253 3553 1314 3602 ex·

265 3646 431 3718 cellentia
475 3668 584 3740 quam
629 3637 749 3741 Epicae
792 3646 922 3720 labulae
964 3644 1173 3733 tribuimus
1207 3671 1315 3742 posse

264 3762 364 3834 illam
395 3762 433 3833 in
463 3786 578 3833 unum
609 3763 784 3850 conferre,
816 3769 853 3836 et
884 3764 993 3836 variis
1023 3761 1177 3859 negotiis
1207 3787 1313 3837 occu-

265 3887 369 3976 patas
392 3877 564 3952 exhibere
591 3903 762 3976 personas
783 3883 973 3954 hominum
992 3905 1072 3978 quae
1099 3881 1250 3976 singule
1275 3889 1314 3955 et

265 3999 396 4070 inertes
419 3996 581 4070 animum
604 3997 725 4071 minus
753 4011 900 4074 movent
919 4007 956 4072 et
982 4000 1027 4072 ad
1046 4024 1130 4072 eum
1148 3998 1313 4072 erudien-

266 4122 351 4193 dum
382 4122 502 4194 minus
532 4123 679 4209 valent;
716 4124 842 4220 frigida
873 4125 967 4198 enim
999 4131 1055 4198 est
1085 4149 1229 4197 morum
1256 4149 1314 4198 re-

266 4238 411 4325 oensi03
446 4238 540 4311 inter
574 4241 754 4336 agendum
785 4266 847 4315 eos
882 4241 1120 4338 contemplari
1156 4249 1312 4338 oportet,

382 4375 505 4434 ‘Ha
924 4380 1190 4456 dmmstop
