3058 4902
425 343 636 392 enarrarre
665 342 972 391 vrcusruuaruua
1165 328 1227 390 355

177 491 238 564 ille
271 493 309 564 in
337 503 493 590 quatuor
523 495 663 590 regulas
698 518 762 565 seu
797 492 1012 565 universalia
1045 500 1227 587 praecepta

178 607 372 684 distribuit.
426 610 482 682 Ac
510 609 627 707 primo
654 610 797 707 quidem
825 611 930 705 jubet
957 605 1081 681 Mores
1113 606 1232 679 bonos

177 731 347 812 esse—iv
371 728 440 830 μὲν
466 733 526 809 καὶ
543 733 703 834 πρῶτον,
726 729 824 814 ὅπως
840 728 993 833 χρηστὰ
1019 719 1231 835 pil-neque

178 853 286 925 aliam
313 855 447 947 regulae
472 852 804 949 interpretationem
831 855 930 926 addit
954 879 1063 950 quam
1090 855 1233 927 bonita-

179 982 254 1044 tem
272 971 408 1044 hancce
425 969 491 1068 p'ro
509 970 650 1044 diverso
676 991 805 1064 genere
823 971 1002 1045 diversam
1028 997 1129 1044 esse:
1161 973 1233 1044 suf·

150 1157 154 1164 .
178 1089 283 1160 ficere
301 1096 424 1161 autem
442 1090 523 1161 vult
543 1090 574 1161 si
599 1088 636 1160 iu
655 1113 722 1160 suo
748 1113 877 1184 genere
896 1090 981 1162 boni
1008 1091 1081 1162 sint
1101 1113 1233 1175 moreS,

180 1211 219 1278 et
241 1205 391 1278 obscure
418 1205 562 1301 subjicit
580 1208 756 1302 quosdam
772 1206 825 1278 ita
851 1230 915 1302 per
931 1230 969 1278 se
995 1229 1126 1301 pravos
1155 1229 1234 1278 esse

179 1331 223 1395 ut
235 1321 327 1394 inlr-a
339 1324 559 1396 sublimioris
577 1347 726 1420 poeseos
741 1325 953 1419 dignitatem
966 1325 1111 1409 cadant.
1142 1323 1234 1394 Mox

180 1442 398 1538 pravitatem
424 1444 544 1514 minus
571 1444 807 1515 necessariam
836 1468 902 1539 pro
928 1443 1091 1538 exemplo
1118 1444 1236 1538 culpae

180 1569 307 1631 contra
331 1560 424 1631 hauc
448 1561 608 1653 regulam
637 1559 800 1632 admissae
826 1560 945 1632 habet.
1000 1558 1100 1632 Hinc
1124 1560 1236 1654 igitur

182 1677 308 1774 liquet,
333 1677 475 1750 etiamsi
498 1677 642 1749 aliunde
669 1703 742 1750 non
766 1680 854 1751 satis
878 1685 1072 1765 constaret,
1101 1703 1235 1774 nequa-

183 1819 294 1891 quam
322 1793 412 1866 illud
439 1795 531 1866 velle
558 1792 791 1867 Aristotelem
820 1801 863 1867 ut
890 1796 1042 1890 singulae
1069 1819 1235 1890 personae

183 1911 351 2007 persectae
368 1911 513 1984 virtutis
539 1912 724 2008 exemplar
740 1913 946 1999 exhibeant,
967 1913 1062 2009 quod
1082 1918 1119 1984 et
1143 1936 1235 2007 prae-

184 2037 239 2100 ter
256 2039 422 2101 naturam
448 2028 542 2101 foret
566 2035 604 2100 et
629 2028 771 2101 nullum
788 2030 953 2102 varietati
980 2029 1103 2101 locum
1129 2028 1236 2100 reliu-

183 2153 332 2241 queret;
360 2168 476 2241 neque
494 2169 579 2218 vero
598 2169 711 2241 prave
727 2152 882 2217 moratas
901 2170 1076 2241 personas
1095 2146 1139 2217 ab
1161 2144 1234 2215 He·

183 2262 280 2335 roica
302 2269 340 2334 et
355 2262 506 2357 Tragica
532 2263 632 2358 poesi
658 2263 806 2336 omnino
833 2265 988 2356 ablegat.
1042 2263 1170 2334 Altero
1197 2262 1236 2333 in

184 2381 265 2452 loco
287 2378 480 2474 Tragicum
507 2379 630 2451 drama
655 2403 728 2452 nou
755 2381 836 2452 illos
864 2380 1095 2476 potissimum
1122 2379 1235 2473 respi-

185 2521 265 2568 cere
288 2499 367 2568 vult
387 2495 449 2592 qui
474 2497 608 2568 virtute
635 2506 698 2568 aut
721 2496 818 2569 vitiis
845 2498 953 2590 longe
974 2495 1148 2578 eminent,
1175 2495 1237 2589 qui

186 2619 250 2684 aut
267 2613 409 2708 egregie
429 2613 532 2709 probi
555 2618 642 2686 sunt
658 2621 725 2684 aut
746 2611 878 2685 nefarie
902 2611 1070 2707 improbi,
1089 2612 1152 2682 sed
1174 2635 1236 2684 eos

186 2729 308 2824 potius
334 2728 463 2824 quibus
489 2729 584 2800 inter
608 2751 757 2824 magnas
776 2728 926 2800 virtutes
953 2735 1101 2824 peccata
1126 2738 1236 2821 atque

186 2869 323 2918 errores
340 2845 491 2918 humani
507 2845 781 2918 interciderunt.
818 2845 992 2940 Praecepti
1010 2825 1132 2938 igitur,
1152 2868 1237 2915 cum

185 2963 280 3036 hanc
298 2961 630 3059 interpretationem
653 2963 760 3058 plane
778 2985 851 3032 non
869 2961 949 3046 lert,
968 2985 1053 3033 vera
1072 2960 1173 3032 notio
1191 2983 1236 3032 ex

184 3079 321 3152 intimis
338 3079 493 3152 Poeticae
519 3078 606 3152 artis
633 3078 817 3175 principiis
841 3078 1017 3150 elicienda
1033 3083 1100 3149 est.
1153 3075 1235 3148 Ma-

181 3200 305 3294 jorum
324 3203 362 3269 et
385 3194 753 3269 characteristicarum
774 3195 928 3268 Poeseos
952 3192 1235 3267 differentiarum

186 3314 364 3387 extribus
391 3337 464 3385 una
487 3312 648 3386 exoritur
665 3337 709 3385 ex
735 3312 840 3384 rebus
858 3313 915 3383 vel
940 3310 1146 3382 horninibus
1171 3333 1235 3404 po·

185 3433 259 3504 tius
286 3430 439 3503 Poeticae
467 3429 648 3526 subjectis,
673 3436 852 3524 quatenus
880 3427 930 3498 illi
957 3428 1015 3499 vel
1042 3424 1235 3498 deteriores

185 3553 273 3620 sunt
290 3548 348 3620 vel
365 3549 530 3620 meliores
547 3569 656 3642 quam
674 3547 796 3641 quales
816 3552 939 3616 nostra
956 3553 1043 3617 aetas
1061 3543 1116 3614 vel
1136 3565 1234 3614 com-

185 3665 307 3738 munis
331 3665 520 3738 homiuum
540 3665 615 3736 vita
636 3663 714 3736 lert.
769 3662 850 3733 Hac
874 3660 953 3757 ipsa
976 3684 1013 3731 re
1040 3659 1235 3731 severiores

185 3782 339 3854 Poeseos
368 3781 504 3877 species
528 3779 678 3876 'Pragica
704 3790 740 3851 et
765 3777 875 3874 Epica
902 3777 948 3849 ab
972 3775 1050 3848 aliis
1075 3774 1233 3859 distant;

182 3897 328 3994 erigunt
344 3922 382 3972 se
403 3897 572 3971 nimirum
595 3899 692 3969 ultra
709 3897 894 3991 vulgarem
914 3892 1102 3965 hominum
1122 3891 1235 3962 vitam

182 4023 226 4088 ut
253 4015 511 4112 praestantioris
537 4013 683 4088 virtutis
710 4035 881 4110 personas
905 4011 942 4082 in
968 4008 1127 4080 medium
1149 4031 1234 4102 pro-

182 4148 308 4220 ferant.
347 4147 442 4218 Sunt
461 4145 572 4242 igitur
588 4143 742 4216 imitatio
759 4123 966 4228 βελτιόνων
985 4128 1013 4228 ἤ
1026 4127 1105 4208 καθ’
1126 4127 1233 4226 ἡμᾶς,
