3058 4902
238 247 305 310 374
471 253 685 304 pestremo
711 251 1068 302 νιακειιΑ-εεουυυι.

235 408 362 481 eadem
389 407 503 505 magis
533 413 571 479 et
598 404 713 501 magis
743 403 971 476 inflammata
998 422 1132 497 pugnae
1160 419 1199 470 se
1229 419 1297 492 cp-

235 531 340 622 parat
352 555 416 597 :-

395 679 447 732 Tot
461 677 504 732 soi
516 675 630 732 ὀδόντων
641 675 689 744 μὲν
702 673 800 743 καναχὴ
813 672 888 739 uide,
900 672 938 726 τὸ
951 669 980 725 di
993 671 1019 724 oi
1032 669 1101 724 doce

396 771 554 842 saptiam»
567 771 633 826 icosi
645 793 674 826 re
687 772 770 842 πυρὸς
783 769 877 830 σέλας.
891 767 922 822 ir
934 767 964 824 di
977 768 1002 822 oi
1015 764 1080 836 imp

399 868 459 924 osv·
472 869 538 940 ἄχος
550 869 695 936 ἅτλητοῧ.

237 1039 325 1088 mox
341 1013 510 1112 praelium
535 1010 604 1084 init
629 1020 666 1084 et
695 1009 735 1082 in
757 1010 820 1081 illo
844 1005 994 1079 desaevit
1010 1005 1126 1077 donec
1149 999 1298 1074 tandem

238 1130 409 1206 Hectoris
425 1129 522 1204 caede
539 1129 703 1200 animum
721 1124 919 1222 expleverit
932 1151 996 1197 :-

394 1295 530 1369 Ἧρὰμιθιι
541 1297 610 1368 μέγα
622 1295 708 1351 ridor
731 1292 878 1366 ἔπε’ῲνομυ
886 1291 1003 1363 Ἕκτορα
1016 1291 1073 1346 dior

390 1388 427 1448 ‘ss
440 1399 525 1465 Τρὸες
538 1393 603 1447 κατὰ
616 1392 684 1446 ἄστυ
698 1391 749 1464 θεᾷ
762 1392 797 1448 ὃς
810 1391 970 1462 εὗχετόωηο
979 1393 1001 1442 ⁸.

237 1551 320 1619 tum
351 1569 437 1618 vcro
469 1569 564 1640 aegre
602 1543 763 1618 defervet
796 1549 835 1616 et
868 1543 1018 1616 sedatur
1049 1545 1156 1613 atrox
1189 1535 1300 1610 animi

238 1663 357 1736 ardor.
411 1659 543 1734 Priami
568 1661 735 1758 precibus
762 1667 800 1734 et
822 1660 985 1733 Deorum
1008 1655 1157 1730 monitis
1177 1655 1299 1728 inflec-

239 1782 331 1854 titur
347 1781 409 1853 sed
427 1778 615 1853 minaciter
632 1780 737 1853 illum
754 1777 891 1876 excipit
902 1810 964 1849 :—

398 1945 497 2016 Μηκέτι
511 1951 557 2002 νῦν
568 1945 596 2016 μ’
611 1945 718 2019 ἐρέθιζε,
731 1945 809 2018 piper
817 1951 841 2000 5.

239 2116 378 2190 Eodem
402 2116 646 2212 sequsbilitate
675 2113 712 2188 in
740 2115 1025 2211 Agamemnonis
1048 2141 1204 2213 persona
1226 2140 1298 2189 ser·

241 2238 350 2306 vatur
366 2231 519 2305 fastuosi
541 2231 635 2328 regis
652 2229 821 2327 dignitas,
840 2231 949 2304 etiam
966 2239 1049 2304 tum
1072 2257 1158 2305 curn
1175 2231 1300 2306 Achil·

242 2351 316 2423 lem
346 2348 450 2422 donis
483 2352 626 2446 placare
657 2348 781 2422 studet
810 2357 848 2421 et
877 2349 1052 2444 supplicis
1080 2349 1179 2422 vices
1213 2349 1299 2445 agit.

245 2467 290 2540 In
308 2466 473 2564 Odyssea
495 2465 647 2563 Ulysses
673 2466 752 2561 psri
774 2464 886 2538 animi
913 2465 1126 2539 fortitudine
1153 2477 1190 2540 et
1211 2449 1302 2563 'pru-

246 2585 370 2658 dentia
399 2583 623 2680 conspicitur
656 2583 732 2656 sive
765 2583 870 2656 illum
903 2581 941 2654 in
969 2579 1149 2680 Calypsus
1183 2583 1303 2657 insula

246 2702 366 2773 solum
383 2706 420 2772 et
445 2698 551 2772 sociis
574 2700 742 2773 orbatum
768 2699 1037 2795 contempleris,
1055 2723 1120 2778 seu
1137 2698 1302 2796 Neptuni

246 2816 340 2890 odiis
366 2816 610 2890 intertinctus
636 2814 865 2911 naufragium
883 2813 1088 2904 facientem,
1107 2817 1183 2891 sive
1207 2819 1303 2891 inter

245 2927 391 3026 ignotos
408 2937 446 3002 et
468 2929 677 3026 peregrinos
693 2928 887 3025 hospitem,
906 2952 971 3001 seu
991 2931 1160 3003 reducem
1180 2933 1219 3004 in
1235 2955 1302 3004 sua

246 3049 356 3133 domo
382 3049 477 3121 inter
500 3073 693 3145 procerum
717 3049 899 3124 tumultus
924 3048 1078 3146 impigra
1102 3060 1140 3123 et
1163 3049 1303 3123 intenta

247 3170 369 3238 mente
397 3165 546 3262 singula
579 3167 860 3262 perlustrantem
893 3176 930 3239 et
963 3166 1164 3240 vindictam
1196 3169 1303 3264 longe

247 3283 408 3356 consiliis
440 3283 721 3381 praecipientem.
773 3284 842 3358 Sed
876 3283 971 3357 hanc
999 3308 1077 3356 rem
1106 3285 1213 3382 plene
1241 3310 1303 3358 ex·

247 3424 383 3497 ponere
410 3411 446 3473 et
474 3400 725 3497 persingulas
754 3424 927 3496 personas
957 3403 1125 3498 prosequi
1153 3403 1303 3498 longum

248 3516 342 3590 foret
366 3521 404 3589 et
428 3517 476 3589 ad
505 3515 668 3589 omnium
696 3541 849 3613 operum
876 3513 1156 3591 Homericorum
1184 3542 1303 3592 recen-

248 3634 389 3707 sionem
418 3657 487 3706 nos
512 3632 724 3733 remitteret.
779 3633 945 3709 Sufficiat
963 3645 1116 3708 notasse
1141 3635 1304 3731 singulos

248 3750 400 3824 eundem
425 3747 670 3846 integritatem
694 3749 824 3824 habere
851 3757 889 3824 et
914 3751 1037 3824 eedem
1064 3752 1307 3849 aequabilitstc

248 3891 322 3964 qua
345 3866 468 3940 fabula
493 3866 698 3965 procedere.
753 3867 825 3942 Sed
855 3867 933 3942 haec
963 3893 1008 3941 ex
1033 3877 1156 3942 vestra
1183 3869 1306 3968 potius

248 3982 471 4081 experientia
514 4008 626 4081 quam
668 3985 793 4060 alienis
837 3986 1026 4084 praeceptis
1070 3987 1308 4083 perdiscenda

250 4104 352 4171 sunt.

290 4274 305 4299 ¹
325 4267 369 4328 Π.
383 4281 413 4327 τ.
431 4268 499 4346 365.
639 4279 651 4304 ¹
671 4269 749 4332 Ibid.
767 4285 798 4332 Χ.
814 4291 884 4351 393.
1021 4283 1036 4328 t
1056 4271 1134 4336 Ibid.
1150 4288 1183 4339 u.
1200 4275 1267 4354 560.
