3058 4902
455 344 671 398 rurscam
690 349 954 400 necrus-rora.
1164 336 1225 400 331

173 496 231 570 Ex
247 491 305 570 his
327 495 461 593 pendet
478 497 634 570 duorum
656 496 770 593 patris
787 497 812 569 J
814 494 891 570 ovis
910 494 1089 568 doliorum
1106 495 1227 570 fabula

175 611 382 686 Homerica.

223 726 309 800 Jam
326 751 413 800 vero
430 751 498 823 pro
523 725 632 800 insita
655 712 790 815 indole,
808 753 875 825 pro
892 728 1077 804 rationalis
1094 726 1227 800 mentis

174 842 311 938 vigore,
339 869 407 941 pro
434 855 542 918 aetate
571 849 610 917 et
635 845 844 921 conditione
873 847 984 920 vitae¹
1014 845 1147 940 singuli
1178 842 1227 916 as-

174 959 292 1033 fectus
320 959 359 1032 in
386 959 504 1033 varios
534 959 680 1034 habitus
711 972 845 1035 coeunt
875 970 912 1034 et
938 961 1033 1036 inter
1059 985 1097 1034 se
1124 962 1161 1032 vi
1191 968 1228 1032 et

175 1074 291 1148 forma
316 1099 381 1149 sua
398 1074 615 1171 discrepant.
667 1077 790 1150 Insitae
813 1103 834 1150 a
858 1083 990 1152 natura
1014 1076 1144 1150 indolis
1174 1099 1228 1148 ra-

174 1190 314 1264 tionem
344 1191 473 1264 habuit
500 1191 683 1266 Homerus
708 1199 888 1287 quatenus
918 1201 975 1267 tot
1003 1191 1228 1289 principibus

175 1329 254 1380 aevo
282 1313 321 1382 et
346 1309 431 1382 loco
457 1317 495 1381 et
522 1309 669 1382 fortuna
694 1309 767 1382 fere
797 1311 994 1406 aequalibus
1020 1310 1228 1382 distinctam

175 1445 368 1520 personam
398 1421 535 1497 tribuit.
588 1423 688 1500 Quin
716 1430 753 1497 et
780 1425 981 1522 prudentiae
1008 1435 1083 1498 tam
1109 1423 1228 1496 insitae

83 1533 88 1536 ’
176 1563 286 1636 quam
304 1563 374 1614 usu
390 1545 429 1612 et
445 1538 611 1614 doctrina
636 1549 852 1638 comparatae
877 1541 938 1614 alii
963 1541 1070 1615 aliam
1087 1550 1228 1637 partem

176 1654 371 1730 distribuit.
425 1656 496 1730 Pro
522 1661 628 1730 aetate
659 1657 819 1753 cujusvis
849 1657 974 1732 similis
1000 1664 1055 1731 est
1084 1681 1229 1730 morum

177 1770 430 1867 discrepantia,
449 1795 524 1845 non
540 1776 686 1846 tantum
704 1775 831 1870 paucis
848 1774 966 1849 verbis
983 1776 1043 1849 hic
1058 1773 1131 1846 illic
1148 1797 1227 1870 pro·

176 1890 288 1960 latam
306 1888 417 1962 habes
435 1888 653 1962 sententiam
673 1891 773 1964 illam
789 1924 850 1962 :—

453 2066 495 2076 —
508 2038 657 2110 ὀπλοτὲρων
669 2038 769 2112 ἀνδρῶν
782 2039 878 2112 φρένες
890 2037 1067 2112 iprpr'dorrml.

335 2145 524 2214 Kpotavdrepcr
536 2141 584 2212 pir
595 2143 646 2214 γάρ
659 2164 688 2197 τε
702 2146 769 2208 rdor,
783 2143 866 2213 λεπτὴ
880 2143 910 2198 de'
921 2165 950 2198 rr
963 2144 1063 2213 pirrus'.

176 2266 241 2339 sed
266 2265 305 2337 in
330 2266 493 2362 personis
518 2267 642 2361 potius
660 2267 814 2342 Achillis
831 2267 1039 2342 Telemachi
1065 2272 1102 2339 et
1119 2264 1226 2340 Anti·

176 2382 283 2470 lechi,
309 2407 463 2480 quorum
490 2384 563 2456 duo
587 2384 801 2480 posteriores
828 2384 1114 2481 pulcherrimum
1140 2382 1228 2454 dant

177 2501 361 2594 exemplar
379 2500 541 2572 honestae
559 2509 596 2572 et
612 2499 779 2595 ingenuae
796 2498 1050 2595 simplicitatis,
1069 2503 1106 2568 et
1119 2497 1228 2591 justae

175 2614 286 2688 etiam
306 2637 390 2710 erga
413 2615 571 2688 seniores
595 2615 805 2689 reverentiae
823 2637 904 2712 quae
923 2612 1127 2710 juventutis
1145 2637 1228 2685 vera

177 2736 235 2804 est
250 2755 397 2816 corona,
411 2739 447 2804 et
465 2732 601 2804 ardoris
619 2729 724 2805 etiam
739 2755 812 2826 quo
830 2755 894 2828 spe
911 2729 996 2802 elati
1014 2729 1095 2801 laeta
1108 2728 1229 2801 omnia

42 2944 47 2952 ¹
177 2870 214 2933 et
247 2859 367 2934 fausta
400 2859 639 2957 prospiciunt,
672 2848 764 2952 ζῶσι
792 2849 839 2931 τὰ
871 2843 1037 2930 πλεῖστα
1066 2845 1224 2926 ἐλπίδι“.

178 2973 290 3060 Quod
307 2982 533 3050 senectutem
549 2975 679 3049 attinet
697 2975 779 3071 quis
806 2998 880 3047 non
896 2974 1044 3068 longam
1060 2971 1227 3044 Nestoris

176 3092 436 3188 experientiam
453 3091 644 3187 agnoscit?
683 3091 788 3185 cujus
806 3099 862 3163 est
879 3099 921 3164 ut
939 3087 1091 3163 Homeri
1108 3086 1227 3159 verbis

176 3209 448 3310 utar-vam
472 3201 550 3309 ἅμα
573 3205 737 3312 πρόσσω
767 3210 828 3286 καὶ
854 3206 1101 3289 ὀπίσσω-ιη
1124 3214 1227 3287 Aris-

175 3335 497 3441 totelis—arrian
530 3343 682 3436 μᾶλλον
716 3331 740 3435 ἢ
777 3337 823 3438 τῇ
861 3331 983 3414 ἐλπίδι
1021 3332 1122 3436 (pvb.
1183 3343 1227 3416 In

177 3460 318 3534 Priamo
347 3463 487 3534 lentum
517 3461 627 3535 habes
662 3471 698 3535 et
732 3459 893 3555 gelidum
922 3457 1118 3532 senectutis
1152 3457 1227 3530 ani-

178 3601 293 3650 mum.
344 3577 388 3650 In
405 3576 551 3674 Ulysse,
569 3578 715 3674 vigilem
732 3582 770 3648 et
789 3581 935 3648 cautam
952 3580 989 3647 et
1013 3574 1228 3670 suspicionis

179 3698 323 3793 plenam
339 3695 570 3793 prudentiam
587 3722 667 3793 quae
691 3697 871 3768 malorum
887 3693 972 3766 vitae
998 3703 1035 3767 et
1060 3693 1229 3790 nequitiae

180 3811 369 3885 hominum
403 3811 558 3884 mnrium
591 3833 700 3885 usum
734 3805 895 3880 habuit⁰.
956 3805 1079 3878 Virilis
1113 3805 1228 3880 aetatis

180 3934 414 4002 constantem
444 3937 480 4001 et
511 3931 754 4024 temperatum
788 3923 951 3996 animum
984 3923 1100 3995 mulla
1127 3921 1228 3993 illus-

182 4051 284 4118 trant
318 4045 482 4140 exempla
492 4039 518 4116 ⁶.
572 4040 683 4125 Quod
713 4038 957 4114 conditionem
986 4037 1070 4111 vitae
1099 4036 1231 4112 attinet

222 4255 625 4332 ¹Vid.Blrct.,l.ii.c.r4.
705 4252 781 4314 ¹11.
797 4267 826 4312 Γ.
846 4256 909 4311 ιο8.
989 4251 1097 4313 ¹1bid.
1111 4265 1145 4312 Ψ.
1163 4268 1228 4331 590.

223 4335 356 4411 ‘Rhea
369 4335 390 4395 1.
405 4335 436 4395 ii.
453 4353 478 4395 c.
499 4353 545 4407 14.
595 4331 755 4403 *Ibid.,c.
775 4348 820 4411 ις.
863 4330 965 4392 ‘Ibid.
1015 4330 1129 4401 lIbid.,
1144 4348 1170 4391 c.
1184 4331 1228 4388 16.
