3058 4902
279 353 344 418 290
529 365 740 416 ΡΜΙιΕΟΤΙΟ
763 367 1084 420 nucius-suerin.

280 516 406 589 nendis
422 515 626 588 inserviunt
642 515 784 590 facilem
797 517 872 612 jam
891 540 977 590 cum
992 516 1073 613 ipso
1091 541 1200 614 opere
1217 518 1331 592 socie-

279 638 394 704 tatem
410 631 548 704 ineunt.

328 747 516 821 Hactenus
540 749 584 821 de
606 747 753 821 Fabulae
775 747 865 821 serie
887 757 925 821 ct
947 748 991 821 iis
1017 773 1098 844 quae
1124 750 1253 822 seriem
1273 749 1330 824 in·

276 867 470 962 terpellaut
483 864 774 962 digressionibus.
811 863 883 938 Sed
899 875 935 938 et
948 863 1086 938 Fabula
1103 889 1188 940 suas
1204 875 1328 961 partes

277 977 396 1064 babet,
424 1005 505 1076 quae
530 992 566 1052 et
596 979 747 1053 seorsim
774 985 930 1075 sumpte
957 981 1117 1053 multum
1141 981 1265 1053 valent
1289 989 1328 1054 et

275 1095 396 1168 Poetae
431 1097 615 1168 solertiam
645 1121 719 1169 non
748 1097 875 1169 leviter
903 1103 1081 1170 exercent.
1134 1095 1328 1192 'l'riplieem

276 1213 405 1285 barum
422 1213 580 1308 partium
598 1213 758 1286 ordinem
776 1223 962 1286 enumerat
977 1209 1226 1296 Aristoteles¹‚
1245 1238 1328 1309 quae

274 1329 406 1403 Latino
423 1355 600 1420 sermone,
614 1340 658 1403 ut
674 1332 728 1416 fit,
744 1329 951 1404 nominibus
968 1336 1102 1403 carent.
1142 1329 1327 1404 AGraecis

273 1447 1325 1557 appellantur-repertura—dvayvdpwn-rdtoe

273 1578 397 1673 Atque
419 1578 475 1649 hae
492 1578 550 1648 vel
570 1575 792 1672 conjunctim
812 1576 871 1648 vel
891 1599 1015 1648 earum
1033 1599 1107 1648 una
1125 1585 1190 1647 aut
1213 1578 1327 1650 altera

271 1695 428 1768 inomni
451 1695 524 1768 fere
540 1694 730 1789 Tragoedia
752 1704 789 1767 et
806 1692 920 1790 Epion
943 1695 1101 1766 carmine
1121 1694 1240 1766 locum
1259 1694 1324 1767 ha·

271 1813 370 1898 bent,
388 1837 496 1909 porro
513 1837 558 1885 ex
581 1814 745 1908 ejusdem
762 1810 930 1884 authoris·
943 1809 1139 1884 sententia¹
1160 1811 1323 1902 (adscitis

271 1931 401 2003 saltem
434 1931 595 2003 moribus
623 1939 798 2026 tunquam
828 1929 986 2001 secunda
1012 1928 1167 2003 Poeseos
1201 1934 1318 2024 parte)

269 2045 423 2119 formam
453 2055 489 2119 et
516 2047 671 2142 speciem
698 2047 787 2118 dant
813 2046 872 2119 vel
897 2043 1098 2140 Tragoediae
1121 2047 1181 2119 vel
1206 2045 1321 2141 Epioo

268 2163 427 2258 poemati
456 2174 565 2258 prout
598 2163 823 2257 conjunctim
852 2167 1074 2257 usurpantur
1102 2163 1161 2234 vel
1194 2185 1320 2236 earum

268 2279 378 2351 altera
412 2303 485 2375 prae
520 2278 659 2352 coeteris
693 2279 911 2352 dominetur.
968 2277 1070 2351 Idem
1104 2277 1320 2352 Aristoteles

267 2397 479 2492 pronuntiat
505 2395 710 2469 Homerum
737 2396 781 2468 iis
809 2395 976 2468 omnibus
1004 2419 1113 2468 usum
1139 2397 1249 2470 fuisse
1275 2421 1319 2470 ac

267 2514 481 2610 plerumque
504 2515 599 2586 inter
619 2537 658 2586 se
680 2511 782 2585 nexis
802 2521 838 2586 et
863 2511 1078 2609 implicatis;
1107 2511 1220 2586 iliada
1239 2537 1319 2586 esse

266 2667 311 2716 ex
336 2643 490 2740 simplici
514 2643 718 2716 fabularum
741 2667 882 2738 genere,
907 2636 1075 2730 ἁπλοῦν;
1105 2642 1245 2714 nullam
1267 2643 1317 2714 ibi

264 2760 411 2855 reperiri
434 2760 659 2834 fortunarum
683 2759 839 2832 subitam
856 2769 967 2854 atque
990 2757 1209 2854 insperatam
1231 2784 1316 2832 con·

262 2891 476 2977 versionem,
495 2877 727 2983 περιπέτειαν
747 2896 889 2978 vocant,
909 2886 1047 2958 nullam
1072 2909 1236 2982 personae
1259 2887 1314 2960 vel

263 3017 487 3114 cognationis
505 3017 651 3091 latentis
672 3014 904 3114 agnitionem,
924 3005 1186 3110 oivoyvoiptow.
1235 3015 1314 3088 Sin·

122 3199 134 3212 .
262 3135 337 3230 guli
355 3141 477 3231 partes
490 3145 603 3231 egunt
616 3134 685 3207 illis
699 3134 833 3240 jam‘ab
847 3133 952 3205 initio
970 3132 1087 3228 operis
1100 3132 1311 3227 assignatas,

208 3245 211 3256 ’
261 3253 299 3324 in
323 3252 457 3324 difficili
478 3251 624 3349 quidem
647 3258 684 3324 et
711 3274 908 3347 permagno
931 3248 1146 3323 discrimine.
1204 3249 1314 3322 Caret

259 3376 384 3442 tamen
403 3368 537 3441 Iliados
554 3368 675 3441 fabula
692 3367 820 3442 subitis
838 3366 908 3439 illis
932 3389 1054 3439 rerum
1069 3367 1311 3439 conversioni-

260 3486 329 3560 bus
357 3487 395 3560 in
425 3486 558 3583 quibus
582 3483 724 3582 Tragici
750 3484 870 3557 Poetae
903 3485 1065 3579 gestiunt
1093 3491 1131 3556 et
1157 3484 1311 3557 efferunt

260 3627 349 3691 sese,
372 3626 526 3699 quarum
550 3625 618 3697 ope
643 3600 782 3673 animos
804 3600 995 3674 hominum
1021 3611 1095 3673 tam
1118 3601 1309 3673 vehemen-

259 3741 314 3804 ter
340 3733 553 3828 percellunt.
605 3730 654 3802 Et
680 3730 825 3825 quidem
849 3715 1059 3824 reperirem
1088 3730 1201 3828 magis
1226 3755 1308 3826 pro-

257 3847 337 3943 pria
369 3854 426 3920 est
455 3847 616 3944 Tragieae
649 3871 761 3943 quam
791 3846 910 3943 Epieae
946 3869 1094 3942 poeseos
1129 3853 1307 3943 quatenus

256 3988 382 4038 earum
409 3967 523 4038 altera
549 3963 834 4036 vehementiores
862 3969 985 4036 motus
1012 3965 1193 4036 concitare
1218 3966 1307 4050 vult,

257 4081 368 4154 altera
402 4081 517 4176 magis
560 4079 679 4153 stabili
713 4090 749 4153 et
788 4081 992 4176 composito
1025 4079 1157 4152 affectu
1192 4086 1306 4154 totam

259 4205 416 4271 mentem
435 4223 621 4295 occupare.
674 4197 786 4271 Posse
802 4209 925 4272 autem
942 4205 1102 4270 mentem
1119 4221 1305 4295 occupare,

336 4379 351 4416 ¹¹
371 4383 463 4448 Poet,
477 4403 502 4442 c.
522 4403 647 4442 10—12.
935 4383 944 4424 ¹
965 4383 1052 4456 Ibin,
1069 4405 1095 4444 c.
1115 4389 1159 4458 18,
1178 4405 1225 4462 ²4
