3058 4908
469 330 680 380 amurcam
699 331 977 382 anema-sarm.
1190 325 1256 388 279

139 376 348 610 Ascrae
365 479 488 556 minus
505 489 542 552 et
563 454 739 576 genuinae.
795 479 894 554 Hinc
911 480 1046 555 difficili
1062 483 1184 556 labore
1210 483 1256 555 ad

127 624 132 634 ’
201 619 382 675 summam
401 599 584 695 perductae
609 609 706 683 sunt,
726 597 811 671 hinc
835 603 1081 696 corruptelam
1102 601 1177 674 cito
1194 626 1257 697 pa·

200 714 365 786 tiuntur:
394 737 443 786 ex
460 713 534 787 hac·
545 723 648 810 parte
665 715 711 786 ad
729 739 771 786 ea
788 715 999 790 admiranda
1016 739 1257 814 properamus
1309 780 1315 789 .

202 853 283 926 quoe
301 829 469 904 immanis
487 837 576 903 sunt
600 830 706 903 molis
728 837 767 901 et
783 838 896 904 vastae
923 833 1193 928 magnitudinis,
1212 857 1256 906 ex

202 946 316 1018 altera
346 971 389 1020 ea
418 947 630 1020 affectamus
665 970 746 1043 quae
780 949 923 1021 curiose
957 949 1065 1022 nimis
1099 950 1260 1046 expolita

202 1069 343 1135 suntet
368 1062 413 1136 ad
432 1063 597 1150 ordinem
614 1062 722 1136 nimis
748 1063 972 1157 exquisitum
989 1068 1153 1140 redacta:
1178 1067 1257 1163 jus·

201 1186 279 1253 tam
295 1179 487 1277 utriusque
511 1181 564 1252 rei
588 1180 764 1253 rationem
782 1191 819 1254 et
846 1183 997 1255 modum
1014 1207 1156 1255 servare
1173 1182 1257 1255 ulti-

203 1321 305 1370 mum
327 1303 383 1370 est
407 1295 629 1370 humanioris
646 1296 732 1370 vitae
758 1304 796 1370 et
821 1297 982 1372 scientiae
1008 1323 1113 1394 opus,
1131 1298 1168 1371 in
1186 1299 1258 1372 hoo

201 1419 281 1486 tota
297 1420 462 1486 versatur
479 1413 741 1510 elegantiorum
760 1413 968 1488 Literarum
994 1413 1157 1503 scientia,
1177 1439 1258 1509 quae

203 1555 319 1626 neque
348 1529 451 1603 facile
485 1529 730 1626 integritatem
758 1554 864 1603 suam
892 1531 1109 1628 assequitur,
1141 1554 1258 1626 neque

203 1648 266 1721 diu
295 1648 396 1721 illam
426 1656 639 1722 conservat:
673 1671 741 1720 nee
766 1672 892 1721 vereor
916 1673 962 1722 ne
992 1648 1104 1721 salsus
1135 1647 1260 1721 videar

203 1767 234 1838 si
261 1765 430 1838 Ethicam
458 1766 568 1839 etiam
595 1773 633 1838 et
659 1765 844 1839 Politiram
873 1767 1048 1840 virtutem
1073 1766 1171 1838 haud
1196 1765 1258 1839 ab·

204 1882 356 1956 similem
392 1883 459 1955 sibi
494 1907 648 1979 scopum
682 1883 814 1954 habere
848 1885 1099 1978 pronunciem.
1153 1881 1258 1956 Illius

204 2007 261 2073 est
286 2005 568 2073 certe—“verae
599 2023 840 2095 numerosque
870 1999 1071 2096 modosque
1103 1997 1261 2072 ediscere

205 2117 327 2190 vitae.”
380 2116 447 2190 Est
474 2123 511 2190 et
536 2117 611 2190 illic
637 2141 702 2188 sua
725 2116 829 2204 ratio,
857 2141 924 2189 sua
949 2115 1184 2212 magnitudo:
1216 2140 1260 2188 eo

205 2238 317 2308 etiam
335 2234 548 2308 enitendum
566 2239 682 2307 estut
707 2235 937 2330 incorruptos
955 2235 1107 2306 affectus
1125 2233 1259 2304 habea-

204 2377 287 2425 mus
304 2358 342 2424 et
365 2374 485 2424 acrem
502 2375 625 2424 rerum
648 2374 808 2424 sensum.
863 2351 954 2426 Quae
978 2351 1102 2423 omnia
1127 2349 1157 2424 si
1174 2373 1261 2422 vera

204 2471 277 2544 sint
302 2453 405 2543 facile
431 2469 645 2563 intelligitur
670 2470 842 2565 quidnam
869 2469 907 2540 in
933 2467 1013 2542 istis
1030 2467 1260 2564 temporibus

206 2588 369 2660 nondum
403 2588 492 2659 satis
527 2587 672 2659 exculta
701 2587 784 2658 vitae
818 2591 928 2680 atque
963 2584 1098 2657 artium
1133 2607 1261 2657 norma

205 2705 410 2801 potuissent
427 2705 505 2776 haec
522 2703 752 2800 exemplaria.
791 2701 869 2785 Qui
886 2701 1000 2774 secuti
1017 2707 1105 2773 sunt
1122 2699 1260 2773 Home·

204 2845 286 2893 rum
313 2819 507 2917 scriptores
535 2817 742 2893 habuerunt
762 2818 859 2892 unde
885 2818 1072 2890 haurirent
1098 2818 1195 2913 quod
1221 2801 1262 2889 in

203 2949 280 3012 arte
305 2961 372 3012 sua
393 2939 552 3034 primum
569 2945 625 3011 est
650 2949 688 3010 et
711 2937 923 3024 maximum,
943 2936 1040 3007 unde
1058 2933 1260 3031 elegantiae,

203 3079 279 3128 non
299 3055 396 3127 illius
419 3079 501 3151 quae
523 3054 560 3126 in
585 3054 736 3127 minutis
759 3053 922 3148 partibus
945 3058 984 3124 et
1009 3051 1162 3147 singulis
1180 3075 1261 3124 ver·

205 3172 305 3244 sibus
331 3171 555 3268 conspicitur
585 3172 648 3244 sed
678 3171 716 3242 in
744 3193 877 3265 magno
908 3174 945 3241 et
975 3174 1055 3242 toto
1084 3193 1193 3264 opere
1222 3192 1262 3242 se

205 3291 337 3387 prodit,
357 3313 522 3362 normam
541 3294 755 3374 statuerent,
775 3293 884 3383 atque
901 3285 965 3359 ubi
985 3288 1098 3358 semel
1111 3288 1191 3383 jam
1208 3285 1261 3357 in-

204 3407 363 3480 notuerit
380 3406 568 3502 elegantiae
580 3429 667 3478 vera
683 3404 791 3477 sacies
807 3411 829 3440 “
846 3403 1025 3476 mirabiles
1045 3427 1185 3475 amores
1204 3400 1263 3474 sui

204 3524 380 3596 excitaret
393 3525 427 3610 ;’'
454 3547 540 3595 mox
564 3522 660 3595 facili
683 3522 842 3594 transitu
858 3522 905 3593 ad
931 3521 1002 3592 alia
1026 3525 1064 3590 et
1081 3520 1188 3622 longe
1206 3517 1260 3588 di-

204 3664 319 3729 versa,
339 3641 383 3712 ad
407 3639 603 3724 Pictorem,
622 3638 668 3710 ad
696 3638 941 3733 Sculpturam,
961 3636 1007 3708 ad
1028 3634 1261 3708 Architectu-

204 3781 284 3830 ram
301 3767 338 3830 et
354 3758 401 3828 ad
418 3780 566 3829 omnem
583 3754 739 3851 denique
757 3755 872 3826 vitam
889 3751 1159 3824 transferretur.
1203 3750 1262 3822 lta

205 3883 302 3964 certe
332 3899 370 3948 se
398 3897 454 3946 res
484 3873 622 3961 habuit,
652 3894 727 3944 non
755 3873 794 3944 in
821 3870 926 3943 Poesi
954 3863 1099 3941 tantum
1128 3869 1191 3942 sed
1222 3867 1261 3942 in

205 3992 342 4066 caeteris
370 3993 507 4066 artibus
533 3993 605 4065 sere
635 3991 804 4064 omnihus
834 3988 1046 4060 Graeoornm
1072 3985 1261 4083 proprium

206 4110 275 4183 luit
309 4110 528 4205 exquisitum
564 4109 696 4181 habere
726 4103 928 4179 venustatis
963 4127 1123 4189 sensum,
1154 4110 1189 4174 et
1223 4101 1262 4176 in

205 4251 350 4299 summa
379 4224 512 4321 ingenii
546 4225 713 4297 libertate
739 4223 882 4319 justum
913 4221 1078 4294 ordinem
1113 4243 1260 4292 conser-

205 4367 299 4416 vare.
353 4341 440 4416 Non
463 4343 545 4416 dico
571 4342 735 4427 Phidian,
755 4339 985 4426 Praxitelem,
1004 4348 1068 4412 aut
1091 4337 1260 4433 Apellam
