3058 4908
490 345 700 396 nazaraeno
730 341 927 396 oratorem.
1168 315 1231 400 19³

186 513 259 577 tres
289 502 400 575 habes
429 497 702 595 Praepositiones
732 497 825 570 intra
853 519 963 568 unam
991 520 1118 568 vocem
1144 521 1231 570 con-

186 622 316 706 clusas,
336 623 630 716 quarumtamen
657 638 702 686 ne
719 614 825 687 unica
845 638 911 687 sua
935 615 970 686 vi
996 625 1114 700 caret;
1142 617 1231 709 quin

186 742 223 809 ct
248 737 389 810 facilem
419 734 631 830 plerumque
661 731 849 828 patiuntur
874 731 1047 828 analysim
1073 731 1128 804 hae
1153 739 1231 804 tam

184 852 357 925 involutae
381 850 511 924 Voces
565 849 668 922 Adeo
693 849 823 922 iterum
851 849 945 922 banc
970 859 1109 944 partem
1136 846 1229 920 Ora-

185 969 293 1042 tionis
318 994 402 1042 cum
428 968 505 1040 aliis
524 967 670 1063 quidem
696 991 923 1040 communem
949 966 1082 1039 habent
1100 964 1230 1054 Graeci,

185 1087 248 1159 sed
272 1111 378 1160 usum
402 1085 480 1181 ejus
505 1083 577 1155 sere
601 1081 669 1155 sibi
692 1081 889 1178 pmprium.
942 1083 1021 1154 Nec
1042 1107 1128 1155 vero
1154 1083 1231 1156 baec

185 1203 306 1276 omnia
329 1201 453 1275 statim
472 1211 570 1274 certa
591 1225 670 1273 esse
688 1206 726 1271 et
750 1206 919 1272 accurata
940 1201 1148 1296 pronuntio,
1167 1203 1231 1274 sed

185 1319 262 1392 aliis
281 1320 400 1417 potius
418 1318 643 1391 discutienda
665 1317 703 1389 in
721 1316 881 1389 medium
898 1319 1052 1412 profero.
1096 1317 1231 1392 Videor

185 1448 281 1510 certe
301 1437 392 1510 mihi
415 1435 452 1508 in
471 1435 525 1508 his
551 1437 671 1519 rebuS,
690 1460 770 1532 quae
793 1444 931 1508 tantam
954 1435 1232 1531 discrepantiam

185 1555 331 1640 habent,
351 1553 557 1627 commonia
579 1551 742 1649 quaedam
759 1559 796 1624 et
813 1550 1038 1624 Universalia
1057 1551 1233 1649 principia

185 1695 387 1766 agnoscere,
408 1694 523 1766 neque
542 1671 695 1743 miretur
711 1671 909 1766 quisquam.
919 1668 950 1742 si
967 1669 1109 1742 difficile
1126 1671 1175 1742 sit
1193 1670 1231 1742 in

185 1795 287 1860 tanta
316 1788 446 1881 linguae
472 1793 653 1861 vetustate
683 1793 720 1859 et
749 1787 966 1860 obscuritate
995 1786 1137 1882 singula
1161 1787 1230 1860 sub

186 1907 261 1978 suis
279 1905 463 2002 principiis
481 1906 643 1979 ordinate
660 1905 881 1979 distribuere.

235 2020 504 2094 Vocabulorum
523 2023 644 2116 igitur,
664 2022 737 2095 sive
755 2024 815 2095 illa
831 2048 895 2119 per
911 2048 950 2097 se
966 2025 1041 2096 vim
1057 2023 1230 2110 babeant,

185 2163 248 2212 seu
266 2138 488 2234 conjunctim
506 2147 662 2224 tantum,
681 2150 717 2212 et
735 2139 880 2212 divitem
899 2147 936 2214 et
956 2143 1095 2214 lautam
1112 2142 1230 2237 supel-

183 2254 339 2328 lectilem
357 2255 424 2328 sibi
440 2255 596 2329 vindicat
613 2256 754 2352 Lingua
772 2257 904 2330 Graeca.

235 2372 295 2444 Ad
314 2371 517 2447 Sententiae
535 2399 600 2447 seu
616 2376 725 2447 verba
746 2377 939 2472 conjuncta
954 2381 1112 2448 transeo.
1163 2373 1231 2448 Pa·

184 2513 266 2561 rum
296 2489 393 2562 enim
419 2496 476 2564 est
504 2491 583 2587 ipsa
609 2489 716 2564 verba
742 2491 886 2578 habere,
915 2491 983 2564 nisi
1012 2493 1074 2565 illa
1102 2491 1233 2564 idonea

185 2607 257 2679 sint
279 2633 359 2704 quaa
382 2607 475 2680 inter
492 2633 530 2681 se
554 2609 817 2682 consocientur.
861 2609 945 2682 Jam
963 2609 1233 2681 Declinationes

184 2724 387 2798 Nominum
405 2733 442 2799 et
459 2726 662 2801 Verborum
683 2729 851 2824 antiquas
876 2729 1019 2822 linguas
1037 2733 1113 2798 tam
1131 2724 1233 2797 Iati-

185 2865 270 2913 nam
298 2867 406 2938 quam
435 2843 598 2916 Graecam
628 2870 702 2940 prae
731 2845 869 2917 caeteris
899 2845 1066 2916 effemnt.
1120 2842 1233 2916 Nobis

184 2959 316 3055 partim
336 2985 380 3033 cx
400 2963 590 3033 verborum
608 2963 733 3035 ordine
758 2986 814 3034 res
832 2960 1060 3057 dijudicanda
1082 2969 1148 3044 est,
1170 2957 1233 3033 ubi

184 3087 281 3149 certe
311 3078 411 3151 nulla
438 3079 505 3150 erit
534 3077 665 3174 linguae
695 3078 860 3163 variatae,
886 3078 1062 3152 laborabit
1094 3077 1231 3173 legibus

184 3191 291 3264 nimis
309 3193 406 3268 duris
427 3194 620 3268 obstrictus
643 3205 680 3269 et
698 3194 833 3270 Orator
850 3204 887 3268 et
903 3196 1025 3268 Poeta.
1078 3194 1233 3290 Utrique

183 3310 235 3381 rei
248 3320 385 3384 veteres
403 3314 662 3386 consuluerunt
679 3324 716 3386 et
732 3315 894 3387 varietati
913 3313 1081 3386 dictionis
1098 3323 1135 3384 ct
1153 3336 1233 3407 per·

184 3426 370 3523 spicuitati
383 3460 392 3514 ;
419 3428 457 3500 in
481 3430 668 3503 sententiis
692 3455 835 3504 summa
858 3455 942 3503 cum
963 3437 1039 3502 arte
1061 3427 1234 3500 involutis

184 3543 309 3615 statim
332 3545 427 3618 clara
452 3554 539 3619 sunt
564 3548 697 3633 omnia,
717 3573 833 3644 neque
859 3549 897 3620 in
921 3547 1133 3645 perturbato
1155 3567 1234 3614 ver-

184 3660 315 3732 borum
344 3663 470 3736 ordine
504 3673 627 3736 carent
660 3663 902 3760 simplicitate.
956 3664 1095 3735 Rursus
1129 3659 1235 3732 nobis

183 3777 317 3873 partim
343 3801 388 3851 ex
417 3781 675 3878 particularum
702 3805 771 3877 ope
801 3781 923 3878 potius
950 3803 1059 3877 quarn
1085 3802 1131 3850 ex
1156 3777 1236 3872 ipsa

183 3894 435 3971 terminatione
453 3898 713 3992 dignoscuntur
725 3923 843 3986 casus,
859 3900 922 3972 ubi
936 3897 1048 3969 deerit
1066 3891 1236 3990 loquendi

182 4012 339 4086 brevitas
367 4025 403 4087 et
429 4022 529 4088 arcta
552 4017 714 4113 partium
741 4015 836 4089 inter
857 4041 895 4089 se
923 4012 1145 4087 constructio
1158 4043 1168 4097 ;
1197 4021 1235 4083 at

183 4130 364 4206 veteribus
387 4133 485 4206 intra
506 4133 688 4207 breviores
710 4135 801 4206 fines
826 4134 996 4206 conclusa
1019 4136 1075 4203 est
1093 4128 1233 4216 Orati0,

183 4254 220 4320 et
237 4258 321 4346 apte
337 4247 432 4324 inter
449 4275 488 4324 se
505 4252 685 4324 cohaerct:
714 4258 796 4324 tum
813 4261 937 4323 autem
954 4274 999 4322 cx
1021 4249 1099 4346 ipsa
1117 4259 1235 4321 struc-

183 4375 265 4440 tura
282 4375 319 4442 et
335 4367 502 4463 periodos
518 4369 654 4444 habent
671 4371 785 4466 magis
808 4391 1016 4443 numerosas
1034 4378 1071 4440 et
1090 4371 1234 4439 senten·

703 4511 725 4557 o
