3096 4886
277 310 321 372 56
607 331 819 380 rnmrnorro
841 331 993 390 ouran.

277 479 392 577 magis
405 477 627 553 familiariter
639 478 783 564 versari,
796 477 892 576 apud
911 502 1002 575 quos
1015 479 1138 574 magni
1151 478 1263 554 animi
1276 479 1331 554 in·

275 599 368 672 dicia
392 609 429 672 et
453 599 618 695 ingentes
644 597 794 694 spiritus
821 597 930 670 etiam
955 597 994 670 in
1018 597 1253 693 gravissumis
1274 625 1331 672 re·

277 714 345 788 bus
365 716 591 810 agnovimus,
604 739 721 812 neque
738 714 852 787 deerit
868 715 1046 800 materies,
1057 739 1168 811 quam
1184 715 1332 813 quidem

275 833 391 929 ipsius
409 833 530 906 Poetae
556 857 665 928 opera
688 833 785 906 ultro
808 832 1095 906 subministrant.
1147 832 1245 906 Illud
1267 859 1331 931 po-

275 949 349 1022 tius
380 948 579 1022 verendum
607 957 675 1036 est,
707 973 753 1021 ne
780 949 817 1020 in
844 947 901 1022 his
931 949 1084 1022 amoenis
1113 957 1209 1024 certe
1243 951 1332 1024 locis

274 1065 418 1162 longius
450 1089 560 1164 quam
586 1089 654 1162 par
683 1073 738 1138 est
764 1064 925 1138 desidere
951 1064 1163 1154 videamnr3
1190 1068 1333 1163 singula

274 1181 372 1255 enim
406 1181 614 1254 minutatim
648 1181 819 1278 prosequi
853 1188 891 1254 et
920 1183 958 1254 in
986 1181 1146 1255 medium
1174 1183 1333 1279 prolerre

275 1301 426 1396 longum
452 1300 558 1390 soret,
579 1311 616 1372 et
638 1324 660 1372 a
680 1301 868 1396 proposito
894 1310 1020 1374 nostro
1036 1299 1207 1374 ebenum.
1260 1301 1333 1376 lta·

276 1442 348 1513 que
381 1442 424 1491 ea
456 1424 601 1490 tantum
630 1415 807 1512 attingam
841 1441 922 1513 quae
951 1417 1080 1515 populi
1106 1418 1266 1491 indolem
1295 1430 1332 1494 et

276 1534 439 1608 Heroicae
458 1534 542 1607 vitae
559 1531 726 1606 habitum
744 1533 931 1628 designare
949 1533 1139 1606 sufficiant

325 1649 407 1723 Jarn
434 1676 519 1724 vero
546 1674 753 1748 quanquam
780 1651 820 1722 in
839 1649 910 1722 illis
935 1650 1161 1747 temporibus
1187 1676 1331 1725 morum

273 1761 489 1859 elegantiam
517 1771 555 1835 et
588 1763 806 1861 exquisitam
843 1763 1085 1836 urbanitatem
1115 1763 1249 1837 frustra
1275 1789 1330 1837 re-

273 1882 405 1979 quiras
433 1906 508 1955 non
534 1892 655 1956 tamen
681 1882 782 1955 deest
806 1883 865 1954 vel
891 1880 1091 1955 officiorum
1121 1905 1202 1980 qnae
1235 1883 1332 1956 inter

273 1999 370 2072 cives
389 2010 518 2072 mutuo
535 1999 763 2072 intercedunt
781 1997 874 2072 ratio
896 1999 985 2088 (sive
1008 1998 1070 2071 illa
1090 1997 1162 2072 sint
1180 2000 1331 2096 privatae

274 2117 440 2191 amicitiae
457 2119 534 2190 sive
557 2115 719 2191 arctioris
743 2116 1034 2212 necessitudinis)
1052 2119 1110 2190 vel
1133 2118 1331 2192 affectuum

273 2234 405 2333 quibus
430 2235 524 2307 inter
550 2259 589 2308 se
615 2233 869 2308 devinciuntur
886 2233 1128 2330 pulcherrima
1152 2236 1329 2332 exempla.

273 2353 411 2426 Rerum
429 2352 519 2426 adeo
545 2352 826 2426 domesticarum
847 2377 971 2426 curam
995 2359 1033 2426 et
1056 2353 1143 2426 satis
1166 2376 1331 2450 perspec-

273 2478 348 2544 tam
378 2472 597 2557 habuerunt,
625 2477 662 2546 et
692 2471 1055 2546 studiosecolebant.
1108 2471 1164 2543 De
1190 2471 1252 2544 illa
1277 2471 1330 2544 lo-

274 2591 398 2688 quitur
427 2588 613 2664 Homerus
643 2601 818 2688 tanquam
848 2614 893 2662 ex
919 2591 1032 2662 altera
1057 2595 1158 2687 parte
1184 2587 1331 2662 militari

275 2711 396 2808 gloriae
415 2709 648 2807 respondenti
659 2713 674 2760 δ
687 2739 749 2781 :—

512 2889 590 2961 ἶργον
603 2889 633 2944 br'
644 2911 689 2958 μοι
702 2889 733 2942 ori
747 2888 830 2956 φίλον
842 2888 920 2943 ἔσκεν

433 2985 493 3039 Oid'
508 2986 659 3056 οἰκωφελίη,
674 2985 717 3054 ἤτε
730 2985 822 3056 τρέφει
836 2986 923 3058 ἀγλαὰ
936 2984 1062 3044 τέκνα,-

272 3161 351 3259 ipso
369 3169 466 3236 certe
484 3163 661 3236 vocabulo
677 3187 754 3234 rem
778 3187 853 3236 non
878 3186 1008 3260 parum
1031 3161 1251 3235 intellectam
1273 3185 1332 3234 oe-

272 3291 425 3366 lebrans.
478 3291 610 3390 Neque
636 3291 781 3366 aliunde
814 3291 874 3366 ille
909 3277 1004 3367 Ζεὺς
1034 3282 1208 3389 ἐφέστιος
1217 3319 1241 3379 0,
1271 3293 1330 3364 vel

216 3471 226 3483 .
273 3421 345 3495 alio
369 3421 517 3494 nominc
539 3409 636 3497 Ζεὺς
655 3414 831 3516 ἐρκείος“,
849 3421 1001 3520 privatae
1017 3419 1159 3493 familiae
1181 3445 1327 3517 praeses,

274 3563 384 3638 quam
407 3563 452 3612 ex
482 3539 637 3612 vinculis
664 3538 735 3611 illis
762 3563 843 3635 quae
871 3537 1108 3612 domesticam
1133 3546 1329 3611 consuetu-

273 3658 395 3733 dinem
421 3659 609 3732 continent
638 3657 707 3732 rite
733 3655 908 3742 excultis;
936 3679 1016 3751 quae
1044 3653 1180 3728 scilicet
1209 3653 1329 3728 Deum

271 3775 452 3849 vindicem
480 3773 518 3847 in
547 3781 667 3872 partes
696 3797 781 3846 suas
810 3774 1007 3846 traherent.
1062 3771 1174 3844 Illum
1207 3771 1330 3868 itaque

271 3891 406 3965 violare
433 3891 496 3989 qui
523 3894 581 3965 vel
602 3891 737 3965 Forum
766 3890 920 3986 supplex
948 3889 1141 3984 attigisset,
1168 3890 1227 3962 vel
1260 3889 1330 3962 snb

272 4008 400 4083 eodem
427 4015 526 4082 tecto
557 4008 717 4096 vixisset,
747 4017 784 4082 et
817 4006 944 4080 iisdem
977 4005 1174 4080 Penatibus
1207 4029 1328 4080 assue-

352 4229 433 4295 ιΟιί.
449 4245 483 4296 Ξ.
502 4260 557 4308 ²²³·
695 4311 708 4352 d
726 4233 906 4388 ΟᾱῑΧΟφόῗ.
923 4255 989 4310 159;
1006 4247 1032 4292 Ρ.
1049 4244 1115 4306 156;
1136 4247 1166 4292 Υ.
1184 4259 1240 4307 ²³¹·
