3058 4908
286 316 351 380 252
554 327 768 376 rnmrrcrm
788 327 1083 388 necrus-omnm.

290 501 383 575 opus
399 477 530 574 repetit
543 478 678 566 Poeta;
701 480 820 552 adhuc
834 490 958 552 tamen
975 480 1015 551 in
1026 479 1239 554 instruendo
1255 481 1341 554 belli

285 594 508 691 insequentis
533 605 710 692 apparatu
727 619 935 683 versamur;
963 596 1016 669 itn
1039 595 1136 669 enim
1161 605 1341 671 accrescet

286 711 450 784 Poemati
467 713 680 808 magnitudo
698 712 728 786 si
753 737 827 784 non
853 713 977 786 statim
993 737 1116 786 rerum
1134 714 1237 810 copia
1253 739 1340 811 per·

285 830 508 925 stringimur,
528 832 591 904 sed
609 855 689 904 earn
706 832 805 904 lente
822 837 931 927 atque
949 831 994 903 ad
1010 832 1201 904 arbitrium
1218 832 1340 905 Poene

285 983 353 1034 nos
367 967 628 1057 componentes
646 960 834 1034 haurimus
847 992 856 1048 ;
875 962 955 1034 haec
967 971 1023 1035 est
1036 962 1099 1034 illa
1110 951 1340 1056 ψυχαγώγια

286 1101 366 1172 quae
384 1078 422 1150 in
443 1077 608 1173 legitima
625 1077 732 1150 Poesi
748 1085 894 1150 tantum
912 1079 1019 1151 valet.
1071 1079 1338 1174 Agamemnon,

285 1193 361 1266 sive
377 1195 469 1267 illud
485 1193 630 1291 proprio
648 1193 801 1268 consilio
818 1194 959 1268 fectum
976 1195 1085 1268 fuerit
1102 1195 1178 1268 sive
1196 1193 1339 1268 somnio

284 1310 492 1384 admonitus
513 1317 599 1405 (quo
616 1309 746 1384 melius
772 1313 895 1384 omnia
920 1312 965 1385 ad
983 1311 1157 1385 Numinis
1184 1334 1339 1408 presen-

282 1428 374 1500 tiam
399 1439 436 1500 et
462 1429 507 1500 ad
524 1427 630 1502 Jovis
653 1428 839 1501 decretum
865 1429 1079 1508 referantur)
1100 1429 1176 1502 sine
1192 1428 1338 1501 Achille

284 1568 323 1616 se
340 1545 476 1618 bellum
498 1546 673 1620 conficere
698 1569 804 1640 posse
830 1545 1016 1618 confidens
1042 1544 1165 1642 copias
1190 1543 1228 1616 in
1246 1569 1338 1642 prm·

282 1660 373 1734 lium
391 1662 543 1735 educere
560 1667 686 1759 parat3
715 1685 782 1735 nec
801 1687 889 1735 vero
915 1662 986 1735 hoc
1008 1669 1144 1758 aperte,
1163 1661 1226 1734 sed
1251 1686 1336 1734 cum

282 1779 408 1852 fraude
434 1784 471 1852 et
496 1779 647 1853 consilio
674 1779 896 1876 aggreditur,
914 1781 1016 1853 nulla
1041 1779 1139 1854 euim
1163 1803 1259 1852 nova
1283 1779 1336 1851 in·

281 1903 497 1970 tercesserat
513 1922 646 1994 pugnae
670 1923 791 1986 cause,
813 1904 968 1995 (apertas
991 1903 1115 1970 autem
1140 1920 1280 1994 pugnas
1297 1897 1336 1968 iu

281 2012 438 2108 Trojano
455 2015 549 2088 bello
567 2015 811 2112 infrequentes
830 2015 941 2088 fuisse
962 2040 1007 2088 ex
1025 2015 1166 2088 dierum
1184 2037 1335 2086 numero

282 2155 362 2227 quae
383 2131 421 2203 in
440 2133 497 2204 1¹³⁰
520 2131 631 2204 Libro
647 2131 742 2204 inter
764 2131 956 2205 concilium
974 2139 1012 2205 et
1028 2131 1195 2204 Thetidis
1211 2155 1336 2227 preces

280 2247 564 2344 interponuntur
581 2250 667 2323 satis
688 2253 816 2344 patet)
836 2258 1010 2344 praeterea
1027 2249 1176 2322 absente
1194 2248 1336 2321 Achille

281 2361 468 2437 diminutae
488 2373 574 2436 sunt
598 2364 808 2437 Graecorum
830 2366 955 2461 copiae,
973 2372 1084 2462 atque
1109 2364 1238 2438 exinde
1257 2364 1336 2437 ani-

280 2503 360 2552 mos
374 2479 530 2551 militum
544 2479 716 2553 infractos
730 2479 841 2553 luisse
853 2479 1021 2554 credibile
1038 2487 1106 2554 est.
1146 2479 1278 2576 Itnque
1291 2479 1336 2551 de

280 2597 399 2669 reditu
415 2597 526 2669 verba
543 2597 628 2669 sacit
645 2595 863 2692 Imperator,
883 2621 1011 2669 omnes
1028 2603 1105 2670 tam
1122 2597 1221 2693 turpi
1237 2596 1333 2692 fuge

279 2738 318 2787 se
335 2738 518 2809 opponere
536 2737 609 2786 non
626 2713 760 2786 frustra
786 2737 957 2810 sperans:
985 2738 1027 2787 ac
1052 2715 1171 2811 primo
1189 2713 1335 2810 quidem

279 2856 343 2927 spe
376 2832 531 2929 patriam
565 2829 743 2903 revisendi
776 2838 1036 2926 permoventur
1070 2829 1200 2918 Graeci,
1229 2829 1335 2903 facile

278 2954 402 3020 tamen
420 2947 641 3020 authoritate
657 2954 695 3019 et
721 2947 927 3044 eloquentia
944 2946 1087 3044 Ulyssis
1110 2948 1157 3019 od
1173 2947 1334 3020 officium

277 3075 503 3138 revocantur.
556 3064 661 3137 Idem
690 3063 751 3137 ille
779 3064 931 3161 Ulysses
962 3063 1149 3138 occasione
1177 3063 1246 3136 hac
1275 3087 1333 3136 ar-

278 3189 380 3278 repta
398 3205 511 3254 novas
539 3205 621 3277 spes
643 3181 719 3254 suis
745 3181 1020 3268 subministrat;
1043 3182 1120 3277 jam
1138 3179 1333 3277 appropin-

277 3323 388 3395 quare
420 3305 547 3372 monet
575 3299 748 3394 temporis
780 3299 1089 3394 opportunitatem
1118 3297 1157 3369 in
1186 3321 1260 3393 qua
1287 3320 1333 3369 ex

277 3415 485 3489 Calchantis
501 3415 675 3489 vaticinio
700 3415 812 3489 finem
838 3416 1002 3488 laborum
1030 3438 1178 3488 suorum
1195 3423 1233 3487 et
1256 3413 1331 3486 seli·

277 3559 356 3607 cem
374 3533 513 3605 exitum
539 3532 714 3627 respicere
735 3531 829 3627 jussi
855 3539 963 3606 sunt:
993 3534 1122 3604 acriter
1138 3531 1259 3627 itaque
1286 3530 1330 3603 ad

276 3650 441 3747 praelium
469 3671 507 3722 se
533 3647 737 3744 accingunt,
762 3673 880 3746 neque
900 3648 976 3744 jam
1000 3647 1157 3745 amplius
1177 3644 1332 3719 Achillis

278 3792 386 3864 opem
405 3766 595 3863 requirunt
610 3799 670 3836 :-

433 3937 510 3991 Τοῖσι
524 3934 546 3989 δ’
561 3935 635 4007 ἂφαρ
647 3937 763 4004 πόλεμος
776 3936 890 4008 γλυκίων
903 3933 987 4006 γένετ’
1002 3933 1031 4006 ἦέ
1045 3935 1150 3990 νέεσθαι

433 4033 479 4089 Ἐν
493 4035 569 4102 νηυσὶ
582 4034 737 4105 γλαφυρῇσι
751 4034 837 4103 φίλην
850 4035 876 4092 ἐς
888 4034 1001 4105 πατρίδα
1013 4037 1089 4107 γαῖαν
1099 4027 1113 4086 ¹.

275 4174 421 4270 Trojani
444 4175 600 4262 interim,
629 4199 692 4247 seu
721 4199 851 4271 pugnae
875 4175 952 4272 jam
980 4176 1066 4248 olim
1088 4198 1127 4247 se
1154 4175 1332 4248 assuevis-

702 4361 710 4400 ἰ
732 4363 774 4421 ΙΙ.
791 4377 820 4422 Β.
836 4382 904 4439 453.
