<?xml version="1.0" encoding="UTF-8"?>
<!DOCTYPE html PUBLIC "-//W3C//DTD XHTML 1.0 Transitional//EN"
    "http://www.w3.org/TR/xhtml1/DTD/xhtml1-transitional.dtd">
<html xmlns="http://www.w3.org/1999/xhtml" xml:lang="en" lang="en">
 <head>
  <title>
</title>
<meta http-equiv="Content-Type" content="text/html;charset=utf-8" />
  <meta name='ocr-system' content='tesseract 3.04.00' />
  <meta name='ocr-capabilities' content='ocr_page ocr_carea ocr_par ocr_line ocrx_word'/>
</head>
<body>
  <div class='ocr_page' id='page_1' title='image "./prlectionesacad00randgoog_0215.png"; bbox 0 0 3058 4908; ppageno 0'>
   <div class='ocr_carea' id='block_1_1' title="bbox 510 323 1269 385">
    <p class='ocr_par' dir='ltr' id='par_1_1' title="bbox 510 323 1269 385">
     <span class='ocr_line' id='line_1_1' title="bbox 510 323 1269 385; baseline 0.009 -7"><span class='ocrx_word' id='word_1_1' title='bbox 510 329 723 378; x_wconf 66' lang='lat' dir='ltr'><strong>ramnuomo</strong></span> <span class='ocrx_word' id='word_1_2' title='bbox 746 329 967 380; x_wconf 75' lang='lat' dir='ltr'><strong>ooonnomm.</strong></span> <span class='ocrx_word' id='word_1_3' title='bbox 1206 323 1269 385; x_wconf 82' lang='lat'><strong>205</strong></span> 
     </span>
    </p>
   </div>
   <div class='ocr_carea' id='block_1_2' title="bbox 211 477 1354 2334">
    <p class='ocr_par' dir='ltr' id='par_1_2' title="bbox 211 477 1354 2334">
     <span class='ocr_line' id='line_1_2' title="bbox 212 477 1268 571; baseline 0.005 -20"><span class='ocrx_word' id='word_1_4' title='bbox 212 477 336 566; x_wconf 85' lang='lat' dir='ltr'><strong>bitror,</strong></span> <span class='ocrx_word' id='word_1_5' title='bbox 365 503 439 552; x_wconf 90' lang='lat' dir='ltr'><strong>non</strong></span> <span class='ocrx_word' id='word_1_6' title='bbox 465 485 587 552; x_wconf 86' lang='lat' dir='ltr'><strong>tamen</strong></span> <span class='ocrx_word' id='word_1_7' title='bbox 613 504 673 554; x_wconf 85' lang='lat' dir='ltr'><strong>eas</strong></span> <span class='ocrx_word' id='word_1_8' title='bbox 698 479 793 553; x_wconf 91' lang='lat' dir='ltr'><strong>inter</strong></span> <span class='ocrx_word' id='word_1_9' title='bbox 817 505 856 554; x_wconf 88' lang='lat' dir='ltr'><strong>se</strong></span> <span class='ocrx_word' id='word_1_10' title='bbox 882 481 986 555; x_wconf 86' lang='lat' dir='ltr'><strong>facile</strong></span> <span class='ocrx_word' id='word_1_11' title='bbox 1012 481 1268 571; x_wconf 63' lang='lat' dir='ltr'><strong>dissociamus,</strong></span> 
     </span>
     <span class='ocr_line' id='line_1_3' title="bbox 212 596 1269 696; baseline 0.006 -28"><span class='ocrx_word' id='word_1_12' title='bbox 212 619 331 692; x_wconf 91' lang='lat' dir='ltr'><strong>neque</strong></span> <span class='ocrx_word' id='word_1_13' title='bbox 365 596 440 670; x_wconf 90' lang='lat' dir='ltr'><strong>suis</strong></span> <span class='ocrx_word' id='word_1_14' title='bbox 475 597 701 693; x_wconf 87' lang='lat' dir='ltr'><strong>temporibus</strong></span> <span class='ocrx_word' id='word_1_15' title='bbox 735 598 978 695; x_wconf 85' lang='lat' dir='ltr'><strong>adsignandas</strong></span> <span class='ocrx_word' id='word_1_16' title='bbox 1011 623 1089 673; x_wconf 89' lang='lat' dir='ltr'><strong>esse</strong></span> <span class='ocrx_word' id='word_1_17' title='bbox 1119 600 1269 696; x_wconf 90' lang='lat' dir='ltr'><strong>judioo;</strong></span> 
     </span>
     <span class='ocr_line' id='line_1_4' title="bbox 213 714 1270 815; baseline 0.004 -28"><span class='ocrx_word' id='word_1_18' title='bbox 213 716 283 788; x_wconf 85' lang='lat' dir='ltr'><strong>isto</strong></span> <span class='ocrx_word' id='word_1_19' title='bbox 301 714 453 812; x_wconf 88' lang='lat' dir='ltr'><strong>caligine</strong></span> <span class='ocrx_word' id='word_1_20' title='bbox 471 723 508 788; x_wconf 89' lang='lat' dir='ltr'><strong>et</strong></span> <span class='ocrx_word' id='word_1_21' title='bbox 521 723 668 788; x_wconf 85' lang='lat' dir='ltr'><strong>vetusta</strong></span> <span class='ocrx_word' id='word_1_22' title='bbox 684 721 721 788; x_wconf 89' lang='lat' dir='ltr'><strong>et</strong></span> <span class='ocrx_word' id='word_1_23' title='bbox 738 717 940 790; x_wconf 78' lang='lat' dir='ltr'>recentiora</span> <span class='ocrx_word' id='word_1_24' title='bbox 957 717 1174 806; x_wconf 90' lang='lat' dir='ltr'><strong>obruuntur,</strong></span> <span class='ocrx_word' id='word_1_25' title='bbox 1190 743 1270 815; x_wconf 83' lang='lat' dir='ltr'><strong>quse</strong></span> 
     </span>
     <span class='ocr_line' id='line_1_5' title="bbox 212 831 1269 929; baseline 0.005 -25"><span class='ocrx_word' id='word_1_26' title='bbox 212 831 316 906; x_wconf 83' lang='lat' dir='ltr'><strong>facile</strong></span> <span class='ocrx_word' id='word_1_27' title='bbox 343 832 475 906; x_wconf 82' lang='lat' dir='ltr'><strong>discuti</strong></span> <span class='ocrx_word' id='word_1_28' title='bbox 501 855 576 904; x_wconf 93' lang='lat' dir='ltr'><strong>non</strong></span> <span class='ocrx_word' id='word_1_29' title='bbox 606 839 750 929; x_wconf 88' lang='lat' dir='ltr'><strong>potest;</strong></span> <span class='ocrx_word' id='word_1_30' title='bbox 780 833 935 908; x_wconf 86' lang='lat' dir='ltr'><strong>sufficiat</strong></span> <span class='ocrx_word' id='word_1_31' title='bbox 961 833 1094 910; x_wconf 85' lang='lat' dir='ltr'><strong>dixisse</strong></span> <span class='ocrx_word' id='word_1_32' title='bbox 1121 833 1269 909; x_wconf 84' lang='lat' dir='ltr'><strong>Graecos</strong></span> 
     </span>
     <span class='ocr_line' id='line_1_6' title="bbox 212 949 1271 1048; baseline 0.004 -26"><span class='ocrx_word' id='word_1_33' title='bbox 212 949 342 1022; x_wconf 84' lang='lat' dir='ltr'><strong>fabulis</strong></span> <span class='ocrx_word' id='word_1_34' title='bbox 372 950 448 1023; x_wconf 87' lang='lat' dir='ltr'><strong>suis</strong></span> <span class='ocrx_word' id='word_1_35' title='bbox 477 951 643 1047; x_wconf 86' lang='lat' dir='ltr'><strong>quaedam</strong></span> <span class='ocrx_word' id='word_1_36' title='bbox 669 949 880 1038; x_wconf 80' lang='lat' dir='ltr'><strong>intermisse,</strong></span> <span class='ocrx_word' id='word_1_37' title='bbox 912 975 993 1047; x_wconf 86' lang='lat' dir='ltr'><strong>quae</strong></span> <span class='ocrx_word' id='word_1_38' title='bbox 1024 951 1163 1026; x_wconf 86' lang='lat' dir='ltr'><strong>Graecia</strong></span> <span class='ocrx_word' id='word_1_39' title='bbox 1192 953 1271 1048; x_wconf 87' lang='lat' dir='ltr'><strong>ipsa</strong></span> 
     </span>
     <span class='ocr_line' id='line_1_7' title="bbox 211 1067 1269 1166; baseline 0.004 -28"><span class='ocrx_word' id='word_1_40' title='bbox 211 1067 539 1166; x_wconf 73' lang='lat' dir='ltr'><strong>antiquiora‘sunt‚</strong></span> <span class='ocrx_word' id='word_1_41' title='bbox 559 1075 690 1140; x_wconf 81' lang='lat' dir='ltr'><strong>cratera</strong></span> <span class='ocrx_word' id='word_1_42' title='bbox 715 1067 760 1139; x_wconf 86' lang='lat' dir='ltr'><strong>ad</strong></span> <span class='ocrx_word' id='word_1_43' title='bbox 787 1067 885 1141; x_wconf 90' lang='lat' dir='ltr'><strong>hunc</strong></span> <span class='ocrx_word' id='word_1_44' title='bbox 909 1080 973 1140; x_wconf 91' lang='lat' dir='ltr'><strong>aut</strong></span> <span class='ocrx_word' id='word_1_45' title='bbox 998 1067 1102 1141; x_wconf 93' lang='lat' dir='ltr'><strong>illum</strong></span> <span class='ocrx_word' id='word_1_46' title='bbox 1121 1067 1269 1142; x_wconf 83' lang='lat' dir='ltr'><strong>Graeoiae</strong></span> 
     </span>
     <span class='ocr_line' id='line_1_8' title="bbox 211 1183 1270 1283; baseline 0.002 -26"><span class='ocrx_word' id='word_1_47' title='bbox 211 1191 349 1257; x_wconf 83' lang='lat' dir='ltr'><strong>statum</strong></span> <span class='ocrx_word' id='word_1_48' title='bbox 380 1185 571 1281; x_wconf 86' lang='lat' dir='ltr'><strong>pertinere,</strong></span> <span class='ocrx_word' id='word_1_49' title='bbox 604 1183 762 1280; x_wconf 88' lang='lat' dir='ltr'><strong>plurima</strong></span> <span class='ocrx_word' id='word_1_50' title='bbox 797 1191 920 1258; x_wconf 88' lang='lat' dir='ltr'><strong>autem</strong></span> <span class='ocrx_word' id='word_1_51' title='bbox 952 1185 998 1258; x_wconf 90' lang='lat' dir='ltr'><strong>ad</strong></span> <span class='ocrx_word' id='word_1_52' title='bbox 1033 1209 1075 1258; x_wconf 89' lang='lat' dir='ltr'><strong>ea</strong></span> <span class='ocrx_word' id='word_1_53' title='bbox 1104 1192 1270 1283; x_wconf 87' lang='lat' dir='ltr'><strong>tempora</strong></span> 
     </span>
     <span class='ocr_line' id='line_1_9' title="bbox 213 1301 1268 1399; baseline 0.002 -26"><span class='ocrx_word' id='word_1_54' title='bbox 213 1325 286 1374; x_wconf 92' lang='lat' dir='ltr'><strong>non</strong></span> <span class='ocrx_word' id='word_1_55' title='bbox 305 1301 426 1399; x_wconf 91' lang='lat' dir='ltr'><strong>inepte</strong></span> <span class='ocrx_word' id='word_1_56' title='bbox 442 1301 567 1374; x_wconf 89' lang='lat' dir='ltr'><strong>reserri</strong></span> <span class='ocrx_word' id='word_1_57' title='bbox 590 1324 710 1398; x_wconf 89' lang='lat' dir='ltr'><strong>posse,</strong></span> <span class='ocrx_word' id='word_1_58' title='bbox 729 1326 810 1396; x_wconf 87' lang='lat' dir='ltr'><strong>quae</strong></span> <span class='ocrx_word' id='word_1_59' title='bbox 826 1301 1022 1398; x_wconf 85' lang='lat' dir='ltr'><strong>Trojanum</strong></span> <span class='ocrx_word' id='word_1_60' title='bbox 1040 1303 1176 1376; x_wconf 89' lang='lat' dir='ltr'><strong>bellum</strong></span> <span class='ocrx_word' id='word_1_61' title='bbox 1194 1326 1268 1375; x_wconf 93' lang='lat' dir='ltr'><strong>uno</strong></span> 
     </span>
     <span class='ocr_line' id='line_1_10' title="bbox 213 1415 1354 1514; baseline 0.001 -23"><span class='ocrx_word' id='word_1_62' title='bbox 213 1425 277 1491; x_wconf 89' lang='lat' dir='ltr'><strong>aut</strong></span> <span class='ocrx_word' id='word_1_63' title='bbox 303 1420 416 1490; x_wconf 88' lang='lat' dir='ltr'><strong>altero</strong></span> <span class='ocrx_word' id='word_1_64' title='bbox 443 1415 564 1490; x_wconf 86' lang='lat' dir='ltr'><strong>seculo</strong></span> <span class='ocrx_word' id='word_1_65' title='bbox 590 1429 818 1514; x_wconf 83' lang='lat' dir='ltr'>exsuperant.</span> <span class='ocrx_word' id='word_1_66' title='bbox 873 1419 984 1491; x_wconf 87' lang='lat' dir='ltr'><strong>Hunc</strong></span> <span class='ocrx_word' id='word_1_67' title='bbox 1009 1419 1120 1513; x_wconf 90' lang='lat' dir='ltr'><strong>igitur</strong></span> <span class='ocrx_word' id='word_1_68' title='bbox 1137 1419 1174 1490; x_wconf 95' lang='lat' dir='ltr'><strong>in</strong></span> <span class='ocrx_word' id='word_1_69' title='bbox 1192 1443 1267 1492; x_wconf 93' lang='lat' dir='ltr'><strong>mo·</strong></span> <span class='ocrx_word' id='word_1_70' title='bbox 1349 1427 1354 1432; x_wconf 83' lang='lat'>&#39;</span> 
     </span>
     <span class='ocr_line' id='line_1_11' title="bbox 214 1532 1196 1630; baseline -0.001 -24"><span class='ocrx_word' id='word_1_71' title='bbox 214 1535 299 1607; x_wconf 88' lang='lat' dir='ltr'><strong>dum</strong></span> <span class='ocrx_word' id='word_1_72' title='bbox 318 1533 549 1630; x_wconf 84' lang='lat' dir='ltr'><strong>Mythologia</strong></span> <span class='ocrx_word' id='word_1_73' title='bbox 567 1532 694 1606; x_wconf 86' lang='lat' dir='ltr'><strong>Graeca</strong></span> <span class='ocrx_word' id='word_1_74' title='bbox 712 1560 757 1607; x_wconf 84' lang='lat' dir='ltr'><strong>ex</strong></span> <span class='ocrx_word' id='word_1_75' title='bbox 776 1533 927 1608; x_wconf 87' lang='lat' dir='ltr'><strong>historia</strong></span> <span class='ocrx_word' id='word_1_76' title='bbox 944 1541 1067 1608; x_wconf 88' lang='lat' dir='ltr'><strong>ortum</strong></span> <span class='ocrx_word' id='word_1_77' title='bbox 1086 1533 1196 1608; x_wconf 91' lang='lat' dir='ltr'><strong>duoit.</strong></span> 
     </span>
     <span class='ocr_line' id='line_1_12' title="bbox 260 1644 1267 1750; baseline 0.006 -30"><span class='ocrx_word' id='word_1_78' title='bbox 260 1649 345 1750; x_wconf 25' lang='lat' dir='ltr'><strong>&#39;Una</strong></span> <span class='ocrx_word' id='word_1_79' title='bbox 374 1651 483 1723; x_wconf 88' lang='lat' dir='ltr'><strong>etiam</strong></span> <span class='ocrx_word' id='word_1_80' title='bbox 519 1674 605 1724; x_wconf 90' lang='lat' dir='ltr'><strong>cum</strong></span> <span class='ocrx_word' id='word_1_81' title='bbox 634 1651 703 1723; x_wconf 85' lang='lat' dir='ltr'><strong>iliis</strong></span> <span class='ocrx_word' id='word_1_82' title='bbox 727 1644 993 1748; x_wconf 69' lang='lat' dir='ltr'><strong>antiquissimae</strong></span> <span class='ocrx_word' id='word_1_83' title='bbox 1023 1651 1181 1725; x_wconf 86' lang='lat' dir='ltr'><strong>historiae</strong></span> <span class='ocrx_word' id='word_1_84' title='bbox 1212 1678 1267 1726; x_wconf 82' lang='lat' dir='ltr'><strong>re·</strong></span> 
     </span>
     <span class='ocr_line' id='line_1_13' title="bbox 212 1767 1267 1866; baseline 0.002 -27"><span class='ocrx_word' id='word_1_85' title='bbox 212 1767 332 1864; x_wconf 90' lang='lat' dir='ltr'><strong>liquiis</strong></span> <span class='ocrx_word' id='word_1_86' title='bbox 358 1774 608 1840; x_wconf 84' lang='lat' dir='ltr'><strong>remanserunt</strong></span> <span class='ocrx_word' id='word_1_87' title='bbox 631 1769 728 1865; x_wconf 85' lang='lat' dir='ltr'><strong>opud</strong></span> <span class='ocrx_word' id='word_1_88' title='bbox 748 1768 893 1842; x_wconf 86' lang='lat' dir='ltr'><strong>Graecos</strong></span> <span class='ocrx_word' id='word_1_89' title='bbox 918 1769 1007 1842; x_wconf 89' lang='lat' dir='ltr'><strong>ritus</strong></span> <span class='ocrx_word' id='word_1_90' title='bbox 1026 1770 1173 1866; x_wconf 87' lang='lat' dir='ltr'><strong>quidam</strong></span> <span class='ocrx_word' id='word_1_91' title='bbox 1192 1795 1267 1841; x_wconf 94' lang='lat' dir='ltr'><strong>om·</strong></span> 
     </span>
     <span class='ocr_line' id='line_1_14' title="bbox 215 1884 1269 1980; baseline 0 -22"><span class='ocrx_word' id='word_1_92' title='bbox 215 1886 321 1958; x_wconf 87' lang='lat' dir='ltr'><strong>nibus</strong></span> <span class='ocrx_word' id='word_1_93' title='bbox 338 1885 411 1957; x_wconf 89' lang='lat' dir='ltr'><strong>sere</strong></span> <span class='ocrx_word' id='word_1_94' title='bbox 435 1884 605 1980; x_wconf 82' lang='lat' dir='ltr'><strong>gentibus</strong></span> <span class='ocrx_word' id='word_1_95' title='bbox 623 1909 847 1971; x_wconf 79' lang='lat' dir='ltr'><strong>communae,</strong></span> <span class='ocrx_word' id='word_1_96' title='bbox 868 1885 1037 1958; x_wconf 84' lang='lat' dir='ltr'><strong>remansit</strong></span> <span class='ocrx_word' id='word_1_97' title='bbox 1063 1910 1151 1959; x_wconf 90' lang='lat' dir='ltr'><strong>suus</strong></span> <span class='ocrx_word' id='word_1_98' title='bbox 1170 1911 1269 1958; x_wconf 85' lang='lat' dir='ltr'><strong>sacer</strong></span> 
     </span>
     <span class='ocr_line' id='line_1_15' title="bbox 213 2001 1267 2100; baseline 0.002 -26"><span class='ocrx_word' id='word_1_99' title='bbox 213 2002 319 2097; x_wconf 78' lang='lat' dir='ltr'><strong>ignia,</strong></span> <span class='ocrx_word' id='word_1_100' title='bbox 345 2027 439 2099; x_wconf 88' lang='lat' dir='ltr'><strong>aqua</strong></span> <span class='ocrx_word' id='word_1_101' title='bbox 462 2001 630 2088; x_wconf 71' lang='lat' dir='ltr'><strong>lustralis</strong></span> <span class='ocrx_word' id='word_1_102' title='bbox 656 2008 693 2074; x_wconf 89' lang='lat' dir='ltr'><strong>et</strong></span> <span class='ocrx_word' id='word_1_103' title='bbox 718 2004 845 2076; x_wconf 85' lang='lat' dir='ltr'><strong>altaria</strong></span> <span class='ocrx_word' id='word_1_104' title='bbox 868 2005 924 2076; x_wconf 89' lang='lat' dir='ltr'><strong>vel</strong></span> <span class='ocrx_word' id='word_1_105' title='bbox 948 2005 1085 2100; x_wconf 84' lang='lat' dir='ltr'><strong>templa</strong></span> <span class='ocrx_word' id='word_1_106' title='bbox 1110 2002 1146 2074; x_wconf 93' lang='lat' dir='ltr'><strong>in</strong></span> <span class='ocrx_word' id='word_1_107' title='bbox 1171 2027 1267 2076; x_wconf 91' lang='lat' dir='ltr'><strong>sum-</strong></span> 
     </span>
     <span class='ocr_line' id='line_1_16' title="bbox 213 2119 1267 2216; baseline -0.001 -24"><span class='ocrx_word' id='word_1_108' title='bbox 213 2120 281 2192; x_wconf 91' lang='lat' dir='ltr'><strong>mis</strong></span> <span class='ocrx_word' id='word_1_109' title='bbox 299 2119 452 2216; x_wconf 88' lang='lat' dir='ltr'><strong>rupibus</strong></span> <span class='ocrx_word' id='word_1_110' title='bbox 469 2126 664 2192; x_wconf 84' lang='lat' dir='ltr'><strong>exstructa.</strong></span> <span class='ocrx_word' id='word_1_111' title='bbox 705 2119 890 2192; x_wconf 87' lang='lat' dir='ltr'><strong>Summam</strong></span> <span class='ocrx_word' id='word_1_112' title='bbox 908 2119 1136 2193; x_wconf 85' lang='lat' dir='ltr'><strong>Athenarum</strong></span> <span class='ocrx_word' id='word_1_113' title='bbox 1155 2120 1267 2194; x_wconf 85' lang='lat' dir='ltr'><strong>Acro·</strong></span> 
     </span>
     <span class='ocr_line' id='line_1_17' title="bbox 212 2235 1269 2334; baseline 0.001 -26"><span class='ocrx_word' id='word_1_114' title='bbox 212 2236 313 2333; x_wconf 92' lang='lat' dir='ltr'><strong>polin</strong></span> <span class='ocrx_word' id='word_1_115' title='bbox 343 2236 471 2310; x_wconf 85' lang='lat' dir='ltr'><strong>habuit</strong></span> <span class='ocrx_word' id='word_1_116' title='bbox 500 2235 631 2308; x_wconf 82' lang='lat' dir='ltr'><strong>Pallas,</strong></span> <span class='ocrx_word' id='word_1_117' title='bbox 685 2236 899 2334; x_wconf 88' lang='lat' dir='ltr'><strong>Delphicam</strong></span> <span class='ocrx_word' id='word_1_118' title='bbox 930 2263 1057 2334; x_wconf 85' lang='lat' dir='ltr'><strong>rupem</strong></span> <span class='ocrx_word' id='word_1_119' title='bbox 1085 2239 1269 2334; x_wconf 86' lang='lat' dir='ltr'><strong>Apollo-</strong></span> 
     </span>
    </p>
   </div>
   <div class='ocr_carea' id='block_1_3' title="bbox 215 2354 1268 2465">
    <p class='ocr_par' dir='ltr' id='par_1_3' title="bbox 215 2354 1268 2465">
     <span class='ocr_line' id='line_1_18' title="bbox 215 2354 1268 2465; baseline 0.003 -29"><span class='ocrx_word' id='word_1_120' title='bbox 215 2363 400 2448; x_wconf 55' lang='lat' dir='ltr'><strong>nodarat</strong></span> <span class='ocrx_word' id='word_1_121' title='bbox 418 2391 458 2438; x_wconf 84' lang='grc' dir='ltr'><strong>τε</strong></span> <span class='ocrx_word' id='word_1_122' title='bbox 475 2354 730 2460; x_wconf 76' lang='grc' dir='ltr'>πετρήεσσαν.</span> <span class='ocrx_word' id='word_1_123' title='bbox 786 2355 949 2460; x_wconf 85' lang='grc' dir='ltr'>Κρόνιον</span> <span class='ocrx_word' id='word_1_124' title='bbox 965 2355 1105 2465; x_wconf 65' lang='lat' dir='ltr'><strong>&gt;didos¹</strong></span> <span class='ocrx_word' id='word_1_125' title='bbox 1125 2367 1268 2464; x_wconf 88' lang='lat' dir='ltr'><strong>Jupiter</strong></span> 
     </span>
    </p>
   </div>
   <div class='ocr_carea' id='block_1_4' title="bbox 214 2483 931 2738">
    <p class='ocr_par' dir='ltr' id='par_1_4' title="bbox 214 2483 931 2738">
     <span class='ocr_line' id='line_1_19' title="bbox 214 2483 487 2583; baseline 0 -26"><span class='ocrx_word' id='word_1_126' title='bbox 214 2483 411 2583; x_wconf 89' lang='lat' dir='ltr'><strong>Olympius</strong></span> <span class='ocrx_word' id='word_1_127' title='bbox 424 2515 487 2558; x_wconf 88' lang='grc'><strong>;-</strong></span> 
     </span>
     <span class='ocr_line' id='line_1_20' title="bbox 617 2586 872 2656; baseline -0.004 -15"><span class='ocrx_word' id='word_1_128' title='bbox 617 2615 658 2626; x_wconf 92' lang='grc'><strong>-</strong></span> <span class='ocrx_word' id='word_1_129' title='bbox 668 2587 785 2656; x_wconf 71' lang='grc' dir='ltr'>ὑψηλοῖο</span> <span class='ocrx_word' id='word_1_130' title='bbox 798 2586 872 2640; x_wconf 73' lang='grc' dir='ltr'><strong>πί-</strong></span> 
     </span>
     <span class='ocr_line' id='line_1_21' title="bbox 529 2658 931 2738; baseline -0.005 -18"><span class='ocrx_word' id='word_1_131' title='bbox 529 2694 568 2705; x_wconf 90' lang='grc'>-</span> <span class='ocrx_word' id='word_1_132' title='bbox 576 2689 640 2738; x_wconf 74' lang='grc' dir='ltr'>τρον</span> <span class='ocrx_word' id='word_1_133' title='bbox 652 2667 780 2732; x_wconf 73' lang='grc' dir='ltr'><strong>ἀλίβατον</strong></span> <span class='ocrx_word' id='word_1_134' title='bbox 794 2666 904 2737; x_wconf 76' lang='grc' dir='ltr'>Κρονίου</span> <span class='ocrx_word' id='word_1_135' title='bbox 912 2658 931 2718; x_wconf 71' lang='lat'><strong>¹.</strong></span> 
     </span>
    </p>
   </div>
   <div class='ocr_carea' id='block_1_5' title="bbox 209 2771 1269 3565">
    <p class='ocr_par' dir='ltr' id='par_1_5' title="bbox 209 2771 1269 3565">
     <span class='ocr_line' id='line_1_22' title="bbox 211 2771 1266 2878; baseline -0.003 -20"><span class='ocrx_word' id='word_1_136' title='bbox 211 2785 306 2859; x_wconf 91' lang='lat' dir='ltr'><strong>Sunt</strong></span> <span class='ocrx_word' id='word_1_137' title='bbox 331 2784 440 2858; x_wconf 88' lang='lat' dir='ltr'><strong>etiam</strong></span> <span class='ocrx_word' id='word_1_138' title='bbox 466 2785 504 2856; x_wconf 93' lang='lat' dir='ltr'><strong>in</strong></span> <span class='ocrx_word' id='word_1_139' title='bbox 523 2771 652 2857; x_wconf 83' lang='lat' dir='ltr'><strong>Graeoa</strong></span> <span class='ocrx_word' id='word_1_140' title='bbox 667 2783 868 2878; x_wconf 85' lang='lat' dir='ltr'><strong>Theologia</strong></span> <span class='ocrx_word' id='word_1_141' title='bbox 888 2781 1040 2877; x_wconf 75' lang='lat' dir='ltr'><strong>vestigia</strong></span> <span class='ocrx_word' id='word_1_142' title='bbox 1066 2781 1195 2855; x_wconf 89' lang='lat' dir='ltr'><strong>erroris</strong></span> <span class='ocrx_word' id='word_1_143' title='bbox 1223 2783 1266 2856; x_wconf 90' lang='lat' dir='ltr'><strong>il-</strong></span> 
     </span>
     <span class='ocr_line' id='line_1_23' title="bbox 211 2898 1269 2998; baseline -0.004 -22"><span class='ocrx_word' id='word_1_144' title='bbox 211 2904 280 2978; x_wconf 88' lang='lat' dir='ltr'><strong>lius</strong></span> <span class='ocrx_word' id='word_1_145' title='bbox 298 2928 370 2998; x_wconf 94' lang='lat' dir='ltr'><strong>quo</strong></span> <span class='ocrx_word' id='word_1_146' title='bbox 388 2903 496 2976; x_wconf 88' lang='lat' dir='ltr'><strong>unius</strong></span> <span class='ocrx_word' id='word_1_147' title='bbox 515 2901 582 2974; x_wconf 90' lang='lat' dir='ltr'><strong>Dei</strong></span> <span class='ocrx_word' id='word_1_148' title='bbox 600 2903 720 2974; x_wconf 89' lang='lat' dir='ltr'><strong>cultus</strong></span> <span class='ocrx_word' id='word_1_149' title='bbox 744 2901 783 2973; x_wconf 91' lang='lat' dir='ltr'><strong>in</strong></span> <span class='ocrx_word' id='word_1_150' title='bbox 802 2898 1046 2973; x_wconf 88' lang='lat' dir='ltr'><strong>Idololatriam</strong></span> <span class='ocrx_word' id='word_1_151' title='bbox 1064 2907 1101 2973; x_wconf 91' lang='lat' dir='ltr'><strong>et</strong></span> <span class='ocrx_word' id='word_1_152' title='bbox 1118 2899 1269 2972; x_wconf 89' lang='lat' dir='ltr'><strong>numina</strong></span> 
     </span>
     <span class='ocr_line' id='line_1_24' title="bbox 209 3017 1267 3114; baseline -0.006 -19"><span class='ocrx_word' id='word_1_153' title='bbox 209 3021 283 3095; x_wconf 86' lang='lat' dir='ltr'><strong>fere</strong></span> <span class='ocrx_word' id='word_1_154' title='bbox 313 3023 504 3094; x_wconf 90' lang='lat' dir='ltr'><strong>innumera</strong></span> <span class='ocrx_word' id='word_1_155' title='bbox 533 3019 632 3106; x_wconf 85' lang='lat' dir='ltr'><strong>abiit,</strong></span> <span class='ocrx_word' id='word_1_156' title='bbox 665 3019 754 3092; x_wconf 88' lang='lat' dir='ltr'><strong>dum</strong></span> <span class='ocrx_word' id='word_1_157' title='bbox 784 3042 896 3114; x_wconf 85' lang='lat' dir='ltr'><strong>prava</strong></span> <span class='ocrx_word' id='word_1_158' title='bbox 926 3023 1048 3090; x_wconf 92' lang='lat' dir='ltr'><strong>mente</strong></span> <span class='ocrx_word' id='word_1_159' title='bbox 1078 3030 1115 3091; x_wconf 93' lang='lat' dir='ltr'><strong>et</strong></span> <span class='ocrx_word' id='word_1_160' title='bbox 1146 3017 1267 3090; x_wconf 87' lang='lat' dir='ltr'><strong>studio</strong></span> 
     </span>
     <span class='ocr_line' id='line_1_25' title="bbox 209 3137 1267 3238; baseline -0.002 -26"><span class='ocrx_word' id='word_1_161' title='bbox 209 3140 288 3238; x_wconf 84' lang='lat' dir='ltr'><strong>ipsa</strong></span> <span class='ocrx_word' id='word_1_162' title='bbox 313 3139 381 3211; x_wconf 91' lang='lat' dir='ltr'><strong>Dei</strong></span> <span class='ocrx_word' id='word_1_163' title='bbox 408 3137 496 3235; x_wconf 91' lang='lat' dir='ltr'><strong>Opt.</strong></span> <span class='ocrx_word' id='word_1_164' title='bbox 517 3137 617 3212; x_wconf 86' lang='lat' dir='ltr'><strong>Max.</strong></span> <span class='ocrx_word' id='word_1_165' title='bbox 638 3139 786 3210; x_wconf 87' lang='lat' dir='ltr'><strong>nomina</strong></span> <span class='ocrx_word' id='word_1_166' title='bbox 812 3146 848 3210; x_wconf 91' lang='lat' dir='ltr'><strong>et</strong></span> <span class='ocrx_word' id='word_1_167' title='bbox 874 3137 1003 3209; x_wconf 87' lang='lat' dir='ltr'><strong>titulos</strong></span> <span class='ocrx_word' id='word_1_168' title='bbox 1029 3143 1066 3209; x_wconf 89' lang='lat' dir='ltr'><strong>et</strong></span> <span class='ocrx_word' id='word_1_169' title='bbox 1092 3137 1267 3210; x_wconf 86' lang='lat' dir='ltr'><strong>attribute</strong></span> 
     </span>
     <span class='ocr_line' id='line_1_26' title="bbox 210 3253 1268 3354; baseline -0.004 -24"><span class='ocrx_word' id='word_1_170' title='bbox 210 3281 276 3354; x_wconf 94' lang='lat' dir='ltr'><strong>pro</strong></span> <span class='ocrx_word' id='word_1_171' title='bbox 303 3255 381 3328; x_wconf 91' lang='lat' dir='ltr'><strong>Diis</strong></span> <span class='ocrx_word' id='word_1_172' title='bbox 407 3255 616 3340; x_wconf 85' lang='lat' dir='ltr'><strong>adorabant,</strong></span> <span class='ocrx_word' id='word_1_173' title='bbox 639 3254 718 3350; x_wconf 88' lang='lat' dir='ltr'><strong>ipsa</strong></span> <span class='ocrx_word' id='word_1_174' title='bbox 744 3253 898 3351; x_wconf 88' lang='lat' dir='ltr'><strong>denique</strong></span> <span class='ocrx_word' id='word_1_175' title='bbox 924 3253 1124 3341; x_wconf 86' lang='lat' dir='ltr'><strong>Elementa,</strong></span> <span class='ocrx_word' id='word_1_176' title='bbox 1152 3255 1268 3327; x_wconf 89' lang='lat' dir='ltr'><strong>solem</strong></span> 
     </span>
     <span class='ocr_line' id='line_1_27' title="bbox 210 3370 1266 3468; baseline -0.007 -19"><span class='ocrx_word' id='word_1_177' title='bbox 210 3386 246 3449; x_wconf 90' lang='lat' dir='ltr'><strong>et</strong></span> <span class='ocrx_word' id='word_1_178' title='bbox 277 3373 404 3460; x_wconf 88' lang='lat' dir='ltr'><strong>sidera,</strong></span> <span class='ocrx_word' id='word_1_179' title='bbox 437 3380 474 3446; x_wconf 89' lang='lat' dir='ltr'><strong>et</strong></span> <span class='ocrx_word' id='word_1_180' title='bbox 504 3371 574 3444; x_wconf 89' lang='lat' dir='ltr'><strong>alia</strong></span> <span class='ocrx_word' id='word_1_181' title='bbox 603 3371 733 3444; x_wconf 85' lang='lat' dir='ltr'><strong>divinae</strong></span> <span class='ocrx_word' id='word_1_182' title='bbox 769 3370 960 3468; x_wconf 86' lang='lat' dir='ltr'><strong>potestatis</strong></span> <span class='ocrx_word' id='word_1_183' title='bbox 993 3371 1182 3445; x_wconf 86' lang='lat' dir='ltr'><strong>notissima</strong></span> <span class='ocrx_word' id='word_1_184' title='bbox 1210 3370 1266 3443; x_wconf 90' lang='lat' dir='ltr'><strong>in·</strong></span> 
     </span>
     <span class='ocr_line' id='line_1_28' title="bbox 209 3487 1170 3565; baseline -0.004 -1"><span class='ocrx_word' id='word_1_185' title='bbox 209 3501 423 3565; x_wconf 86' lang='lat' dir='ltr'><strong>strumenta.</strong></span> <span class='ocrx_word' id='word_1_186' title='bbox 475 3487 578 3562; x_wconf 90' lang='lat' dir='ltr'><strong>Talia</strong></span> <span class='ocrx_word' id='word_1_187' title='bbox 595 3495 682 3562; x_wconf 90' lang='lat' dir='ltr'><strong>sunt</strong></span> <span class='ocrx_word' id='word_1_188' title='bbox 698 3488 760 3561; x_wconf 88' lang='lat' dir='ltr'><strong>illa</strong></span> <span class='ocrx_word' id='word_1_189' title='bbox 780 3488 930 3562; x_wconf 90' lang='lat' dir='ltr'><strong>Homeri</strong></span> <span class='ocrx_word' id='word_1_190' title='bbox 947 3487 1096 3560; x_wconf 88' lang='lat' dir='ltr'><strong>numina</strong></span> <span class='ocrx_word' id='word_1_191' title='bbox 1108 3519 1170 3560; x_wconf 89' lang='lat'><strong>:—</strong></span> 
     </span>
    </p>
   </div>
   <div class='ocr_carea' id='block_1_6' title="bbox 207 3611 1064 4225">
    <p class='ocr_par' dir='ltr' id='par_1_6' title="bbox 363 3611 1064 3784">
     <span class='ocr_line' id='line_1_29' title="bbox 365 3611 1064 3688; baseline -0.001 -16"><span class='ocrx_word' id='word_1_192' title='bbox 365 3614 473 3673; x_wconf 66' lang='grc' dir='ltr'>ἨεἋιόι</span> <span class='ocrx_word' id='word_1_193' title='bbox 487 3615 509 3671; x_wconf 74' lang='grc' dir='ltr'><em>θ</em></span> <span class='ocrx_word' id='word_1_194' title='bbox 524 3614 553 3674; x_wconf 78' lang='lat' dir='ltr'><strong>br</strong></span> <span class='ocrx_word' id='word_1_195' title='bbox 566 3615 641 3671; x_wconf 79' lang='grc' dir='ltr'>πάντ’</span> <span class='ocrx_word' id='word_1_196' title='bbox 657 3616 764 3688; x_wconf 78' lang='grc' dir='ltr'>ε’φορᾶι,</span> <span class='ocrx_word' id='word_1_197' title='bbox 779 3617 819 3671; x_wconf 79' lang='grc' dir='ltr'><strong>καὶ</strong></span> <span class='ocrx_word' id='word_1_198' title='bbox 833 3613 908 3671; x_wconf 77' lang='grc' dir='ltr'>πάντ’</span> <span class='ocrx_word' id='word_1_199' title='bbox 923 3611 1064 3682; x_wconf 66' lang='grc' dir='ltr'>ἐπακούεις,</span> 
     </span>
     <span class='ocr_line' id='line_1_30' title="bbox 363 3706 701 3784; baseline -0.003 -16"><span class='ocrx_word' id='word_1_200' title='bbox 363 3713 419 3768; x_wconf 75' lang='grc' dir='ltr'><strong>’Καὶ</strong></span> <span class='ocrx_word' id='word_1_201' title='bbox 432 3713 545 3784; x_wconf 78' lang='grc' dir='ltr'>ποταμοὶ</span> <span class='ocrx_word' id='word_1_202' title='bbox 559 3713 601 3767; x_wconf 78' lang='grc' dir='ltr'><strong>καὶ</strong></span> <span class='ocrx_word' id='word_1_203' title='bbox 615 3715 678 3767; x_wconf 86' lang='grc' dir='ltr'><strong>Γοῖο</strong></span> <span class='ocrx_word' id='word_1_204' title='bbox 685 3706 701 3776; x_wconf 85' lang='lat'><strong>¹,</strong></span> 
     </span>
    </p>

    <p class='ocr_par' dir='ltr' id='par_1_7' title="bbox 207 3829 963 4225">
     <span class='ocr_line' id='line_1_31' title="bbox 207 3829 633 3928; baseline -0.002 -24"><span class='ocrx_word' id='word_1_205' title='bbox 207 3837 245 3904; x_wconf 86' lang='lat' dir='ltr'><strong>et</strong></span> <span class='ocrx_word' id='word_1_206' title='bbox 262 3832 352 3904; x_wconf 93' lang='lat' dir='ltr'><strong>illud</strong></span> <span class='ocrx_word' id='word_1_207' title='bbox 370 3829 552 3928; x_wconf 86' lang='lat' dir='ltr'><strong>Euripidis</strong></span> <span class='ocrx_word' id='word_1_208' title='bbox 571 3862 633 3903; x_wconf 91' lang='lat'><strong>:-</strong></span> 
     </span>
     <span class='ocr_line' id='line_1_32' title="bbox 366 3953 907 4030; baseline -0.009 -16"><span class='ocrx_word' id='word_1_209' title='bbox 366 3957 444 4030; x_wconf 77' lang='grc' dir='ltr'>’ορἃι</span> <span class='ocrx_word' id='word_1_210' title='bbox 457 3961 504 4014; x_wconf 83' lang='grc' dir='ltr'><strong>τὸν</strong></span> <span class='ocrx_word' id='word_1_211' title='bbox 517 3958 589 4030; x_wconf 63' lang='grc' dir='ltr'><strong>ὑψοῦ</strong></span> <span class='ocrx_word' id='word_1_212' title='bbox 603 3954 673 4013; x_wconf 82' lang='grc' dir='ltr'>τονδ’</span> <span class='ocrx_word' id='word_1_213' title='bbox 688 3955 794 4030; x_wconf 74' lang='grc' dir='ltr'>ἄπειρον</span> <span class='ocrx_word' id='word_1_214' title='bbox 807 3953 907 4028; x_wconf 77' lang='grc' dir='ltr'>οἶθίρο,</span> 
     </span>
     <span class='ocr_line' id='line_1_33' title="bbox 365 4051 963 4128; baseline -0.003 -18"><span class='ocrx_word' id='word_1_215' title='bbox 365 4059 415 4112; x_wconf 78' lang='grc' dir='ltr'><strong>Καὶ</strong></span> <span class='ocrx_word' id='word_1_216' title='bbox 429 4058 478 4128; x_wconf 83' lang='grc' dir='ltr'><strong>γῆν</strong></span> <span class='ocrx_word' id='word_1_217' title='bbox 490 4055 568 4128; x_wconf 71' lang='grc' dir='ltr'>πέριξ</span> <span class='ocrx_word' id='word_1_218' title='bbox 581 4051 668 4127; x_wconf 79' lang='grc' dir='ltr'>ἔχονθ’</span> <span class='ocrx_word' id='word_1_219' title='bbox 683 4054 773 4127; x_wconf 78' lang='grc' dir='ltr'>ὑγραῖς</span> <span class='ocrx_word' id='word_1_220' title='bbox 787 4055 815 4110; x_wconf 74' lang='grc' dir='ltr'><strong>ἐν</strong></span> <span class='ocrx_word' id='word_1_221' title='bbox 828 4053 963 4125; x_wconf 69' lang='grc' dir='ltr'>ἀγκάλαις,</span> 
     </span>
     <span class='ocr_line' id='line_1_34' title="bbox 366 4149 927 4225; baseline -0.002 -18"><span class='ocrx_word' id='word_1_222' title='bbox 366 4155 464 4208; x_wconf 71' lang='grc' dir='ltr'>Τοῦτον</span> <span class='ocrx_word' id='word_1_223' title='bbox 476 4155 562 4224; x_wconf 76' lang='grc' dir='ltr'>νόμιζε</span> <span class='ocrx_word' id='word_1_224' title='bbox 577 4155 652 4224; x_wconf 80' lang='grc' dir='ltr'>Ζῆνα,</span> <span class='ocrx_word' id='word_1_225' title='bbox 665 4150 735 4208; x_wconf 83' lang='grc' dir='ltr'>τονδ’</span> <span class='ocrx_word' id='word_1_226' title='bbox 748 4149 813 4225; x_wconf 81' lang='grc' dir='ltr'><strong>ἦγοῦ</strong></span> <span class='ocrx_word' id='word_1_227' title='bbox 827 4149 927 4206; x_wconf 67' lang='lat' dir='ltr'><strong>dedum.</strong></span> 
     </span>
    </p>
   </div>
   <div class='ocr_carea' id='block_1_7' title="bbox 245 4267 1221 4436">
    <p class='ocr_par' dir='ltr' id='par_1_8' title="bbox 245 4267 1221 4436">
     <span class='ocr_line' id='line_1_35' title="bbox 245 4267 1221 4355; baseline -0.008 -18"><span class='ocrx_word' id='word_1_228' title='bbox 245 4273 260 4315; x_wconf 65' lang='lat' dir='ltr'>h</span> <span class='ocrx_word' id='word_1_229' title='bbox 280 4267 570 4355; x_wconf 67' lang='lat' dir='ltr'><strong>Hom.;11.n.519.</strong></span> <span class='ocrx_word' id='word_1_230' title='bbox 666 4273 672 4307; x_wconf 89' lang='lat'><strong>¹</strong></span> <span class='ocrx_word' id='word_1_231' title='bbox 694 4275 794 4350; x_wconf 71' lang='lat' dir='ltr'><strong>Pena,</strong></span> <span class='ocrx_word' id='word_1_232' title='bbox 809 4272 923 4353; x_wconf 76' lang='lat' dir='ltr'><strong>olymp.</strong></span> <span class='ocrx_word' id='word_1_233' title='bbox 941 4291 967 4350; x_wconf 83' lang='lat'><strong>5.</strong></span> <span class='ocrx_word' id='word_1_234' title='bbox 1057 4270 1069 4303; x_wconf 70' lang='lat'>¹</span> <span class='ocrx_word' id='word_1_235' title='bbox 1090 4269 1179 4345; x_wconf 74' lang='lat' dir='ltr'><strong>Ibin,</strong></span> <span class='ocrx_word' id='word_1_236' title='bbox 1193 4271 1221 4329; x_wconf 92' lang='grc'><strong>6.</strong></span> 
     </span>
     <span class='ocr_line' id='line_1_36' title="bbox 304 4348 1142 4436; baseline -0.008 -19"><span class='ocrx_word' id='word_1_237' title='bbox 304 4353 375 4418; x_wconf 82' lang='grc' dir='ltr'><strong>1Π.</strong></span> <span class='ocrx_word' id='word_1_238' title='bbox 392 4370 420 4417; x_wconf 83' lang='grc' dir='ltr'><strong>Γ.</strong></span> <span class='ocrx_word' id='word_1_239' title='bbox 439 4359 507 4436; x_wconf 62' lang='lat'><strong>236.</strong></span> <span class='ocrx_word' id='word_1_240' title='bbox 609 4421 619 4430; x_wconf 56' lang='lat'>‚</span> <span class='ocrx_word' id='word_1_241' title='bbox 869 4362 892 4393; x_wconf 80' lang='lat'><strong>¹¹¹</strong></span> <span class='ocrx_word' id='word_1_242' title='bbox 912 4348 1142 4432; x_wconf 68' lang='lat' dir='ltr'><strong>Ap.Stob.,do.</strong></span> 
     </span>
    </p>
   </div>
   <div class='ocr_carea' id='block_1_8' title="bbox 0 0 1534 4908">
    <p class='ocr_par' dir='ltr' id='par_1_9' title="bbox 0 0 1534 4908">
     <span class='ocr_line' id='line_1_37' title="bbox 0 0 1534 4908; baseline 0 0"><span class='ocrx_word' id='word_1_243' title='bbox 0 0 1534 4908; x_wconf 95' lang='lat' dir='ltr'><strong> </strong></span> 
     </span>
    </p>
   </div>
  </div>
 </body>
</html>
