<?xml version="1.0" encoding="UTF-8"?>
<!DOCTYPE html PUBLIC "-//W3C//DTD XHTML 1.0 Transitional//EN"
    "http://www.w3.org/TR/xhtml1/DTD/xhtml1-transitional.dtd">
<html xmlns="http://www.w3.org/1999/xhtml" xml:lang="en" lang="en">
 <head>
  <title>
</title>
<meta http-equiv="Content-Type" content="text/html;charset=utf-8" />
  <meta name='ocr-system' content='tesseract 3.04.00' />
  <meta name='ocr-capabilities' content='ocr_page ocr_carea ocr_par ocr_line ocrx_word'/>
</head>
<body>
  <div class='ocr_page' id='page_1' title='image "./prlectionesacad00randgoog_0348.png"; bbox 0 0 3058 4902; ppageno 0'>
   <div class='ocr_carea' id='block_1_1' title="bbox 275 339 1335 707">
    <p class='ocr_par' dir='ltr' id='par_1_1' title="bbox 275 339 1335 707">
     <span class='ocr_line' id='line_1_1' title="bbox 276 339 1009 403; baseline -0.02 0"><span class='ocrx_word' id='word_1_1' title='bbox 276 339 341 403; x_wconf 82' lang='grc'><strong>338</strong></span> <span class='ocrx_word' id='word_1_2' title='bbox 597 344 810 394; x_wconf 67' lang='lat' dir='ltr'><strong>rfflrncrro</strong></span> <span class='ocrx_word' id='word_1_3' title='bbox 838 343 1009 390; x_wconf 73' lang='lat' dir='ltr'><strong>vrcssuus.</strong></span> 
     </span>
     <span class='ocr_line' id='line_1_2' title="bbox 434 479 1186 562; baseline -0.011 -18"><span class='ocrx_word' id='word_1_4' title='bbox 434 489 558 562; x_wconf 77' lang='grc' dir='ltr'><strong>Σχίτλιός</strong></span> <span class='ocrx_word' id='word_1_5' title='bbox 572 485 635 540; x_wconf 75' lang='grc' dir='ltr'>ἕσσι</span> <span class='ocrx_word' id='word_1_6' title='bbox 650 483 744 558; x_wconf 68' lang='lat' dir='ltr'><strong>papule,</strong></span> <span class='ocrx_word' id='word_1_7' title='bbox 758 483 794 538; x_wconf 80' lang='grc' dir='ltr'><strong>σὺ</strong></span> <span class='ocrx_word' id='word_1_8' title='bbox 806 481 854 552; x_wconf 71' lang='grc' dir='ltr'><strong>μὶν</strong></span> <span class='ocrx_word' id='word_1_9' title='bbox 866 484 948 538; x_wconf 72' lang='grc' dir='ltr'><strong><em>πόνου</em></strong></span> <span class='ocrx_word' id='word_1_10' title='bbox 961 485 1056 538; x_wconf 74' lang='grc' dir='ltr'>οὔποτε</span> <span class='ocrx_word' id='word_1_11' title='bbox 1070 481 1161 554; x_wconf 69' lang='lat' dir='ltr'><strong>lippus</strong></span> <span class='ocrx_word' id='word_1_12' title='bbox 1170 479 1186 539; x_wconf 80' lang='lat'><strong>¹.</strong></span> 
     </span>
     <span class='ocr_line' id='line_1_3' title="bbox 275 599 1335 707; baseline -0.018 -14"><span class='ocrx_word' id='word_1_13' title='bbox 275 628 313 692; x_wconf 89' lang='lat' dir='ltr'><strong>et</strong></span> <span class='ocrx_word' id='word_1_14' title='bbox 344 617 406 691; x_wconf 92' lang='lat' dir='ltr'><strong>illa</strong></span> <span class='ocrx_word' id='word_1_15' title='bbox 434 610 566 707; x_wconf 90' lang='lat' dir='ltr'><strong>quibus</strong></span> <span class='ocrx_word' id='word_1_16' title='bbox 596 605 765 700; x_wconf 85' lang='lat' dir='ltr'><strong>Ulyssem</strong></span> <span class='ocrx_word' id='word_1_17' title='bbox 800 603 997 698; x_wconf 83' lang='lat' dir='ltr'><strong>alloquitur</strong></span> <span class='ocrx_word' id='word_1_18' title='bbox 1025 609 1063 674; x_wconf 91' lang='lat' dir='ltr'><strong>et</strong></span> <span class='ocrx_word' id='word_1_19' title='bbox 1093 601 1232 675; x_wconf 91' lang='lat' dir='ltr'><strong>socium</strong></span> <span class='ocrx_word' id='word_1_20' title='bbox 1262 599 1335 674; x_wconf 92' lang='lat' dir='ltr'><strong>sibi</strong></span> 
     </span>
    </p>
   </div>
   <div class='ocr_carea' id='block_1_2' title="bbox 276 733 1084 920">
    <p class='ocr_par' dir='ltr' id='par_1_2' title="bbox 276 733 1084 920">
     <span class='ocr_line' id='line_1_4' title="bbox 276 733 521 809; baseline -0.045 1"><span class='ocrx_word' id='word_1_21' title='bbox 276 733 444 809; x_wconf 82' lang='lat' dir='ltr'><strong>adsciscit</strong></span> <span class='ocrx_word' id='word_1_22' title='bbox 459 761 521 801; x_wconf 84' lang='lat'><strong>:—</strong></span> 
     </span>
     <span class='ocr_line' id='line_1_5' title="bbox 435 847 1084 920; baseline -0.02 -8"><span class='ocrx_word' id='word_1_23' title='bbox 435 862 495 912; x_wconf 77' lang='lat' dir='ltr'><strong>llrirr</strong></span> <span class='ocrx_word' id='word_1_24' title='bbox 508 854 540 906; x_wconf 80' lang='grc' dir='ltr'><strong>ἂν</strong></span> <span class='ocrx_word' id='word_1_25' title='bbox 553 851 631 906; x_wconf 75' lang='grc' dir='ltr'>ἔπειτ’</span> <span class='ocrx_word' id='word_1_26' title='bbox 644 849 775 918; x_wconf 71' lang='grc' dir='ltr'><strong>Ὀδυσῆος</strong></span> <span class='ocrx_word' id='word_1_27' title='bbox 788 849 839 920; x_wconf 72' lang='grc' dir='ltr'><strong>ε’γὸ</strong></span> <span class='ocrx_word' id='word_1_28' title='bbox 853 847 934 902; x_wconf 78' lang='grc' dir='ltr'><strong><em>θείοιο</em></strong></span> <span class='ocrx_word' id='word_1_29' title='bbox 946 847 1084 917; x_wconf 62' lang='grc' dir='ltr'>λαθοίμην,</span> 
     </span>
    </p>
   </div>
   <div class='ocr_carea' id='block_1_3' title="bbox 276 943 1337 1611">
    <p class='ocr_par' dir='ltr' id='par_1_3' title="bbox 435 943 1115 1022">
     <span class='ocr_line' id='line_1_6' title="bbox 435 943 1115 1022; baseline -0.018 -14"><span class='ocrx_word' id='word_1_30' title='bbox 435 952 473 1008; x_wconf 81' lang='grc' dir='ltr'><strong>Οὗ</strong></span> <span class='ocrx_word' id='word_1_31' title='bbox 486 950 545 1022; x_wconf 68' lang='grc' dir='ltr'>πέρι</span> <span class='ocrx_word' id='word_1_32' title='bbox 559 950 607 1018; x_wconf 72' lang='grc' dir='ltr'><strong>μὲν</strong></span> <span class='ocrx_word' id='word_1_33' title='bbox 618 949 747 1019; x_wconf 71' lang='grc' dir='ltr'>πρόφρων</span> <span class='ocrx_word' id='word_1_34' title='bbox 758 945 849 1016; x_wconf 79' lang='grc' dir='ltr'>κραδίη</span> <span class='ocrx_word' id='word_1_35' title='bbox 863 946 904 998; x_wconf 78' lang='grc' dir='ltr'><strong>καὶ</strong></span> <span class='ocrx_word' id='word_1_36' title='bbox 918 945 999 1012; x_wconf 72' lang='grc' dir='ltr'>θυμὸς</span> <span class='ocrx_word' id='word_1_37' title='bbox 1011 943 1115 1016; x_wconf 72' lang='grc' dir='ltr'>ἀγήνωρ</span> 
     </span>
    </p>

    <p class='ocr_par' dir='ltr' id='par_1_4' title="bbox 276 1033 1337 1611">
     <span class='ocr_line' id='line_1_7' title="bbox 435 1033 1176 1114; baseline -0.013 -10"><span class='ocrx_word' id='word_1_38' title='bbox 435 1049 482 1104; x_wconf 70' lang='grc' dir='ltr'><strong>Ἐν</strong></span> <span class='ocrx_word' id='word_1_39' title='bbox 494 1047 625 1102; x_wconf 76' lang='grc' dir='ltr'><strong><em>πάντεσσι</em></strong></span> <span class='ocrx_word' id='word_1_40' title='bbox 637 1048 753 1112; x_wconf 77' lang='grc' dir='ltr'>πόνοισι,</span> <span class='ocrx_word' id='word_1_41' title='bbox 766 1045 842 1114; x_wconf 77' lang='grc' dir='ltr'>φιλεῖ</span> <span class='ocrx_word' id='word_1_42' title='bbox 855 1042 883 1096; x_wconf 71' lang='grc' dir='ltr'><strong>δὲ</strong></span> <span class='ocrx_word' id='word_1_43' title='bbox 898 1044 912 1094; x_wconf 79' lang='lat' dir='ltr'><strong>e‘</strong></span> <span class='ocrx_word' id='word_1_44' title='bbox 926 1043 1035 1096; x_wconf 76' lang='grc' dir='ltr'><strong>Παλλὰς</strong></span> <span class='ocrx_word' id='word_1_45' title='bbox 1049 1039 1144 1108; x_wconf 70' lang='grc' dir='ltr'>Ἀθήνη</span> <span class='ocrx_word' id='word_1_46' title='bbox 1152 1033 1176 1094; x_wconf 59' lang='lat'><strong>¹.</strong></span> 
     </span>
     <span class='ocr_line' id='line_1_8' title="bbox 276 1159 1331 1266; baseline -0.012 -22"><span class='ocrx_word' id='word_1_47' title='bbox 276 1171 444 1266; x_wconf 91' lang='lat' dir='ltr'><strong>Denique</strong></span> <span class='ocrx_word' id='word_1_48' title='bbox 469 1165 598 1262; x_wconf 87' lang='lat' dir='ltr'><strong>agendi</strong></span> <span class='ocrx_word' id='word_1_49' title='bbox 623 1186 733 1235; x_wconf 90' lang='lat' dir='ltr'><strong>causa</strong></span> <span class='ocrx_word' id='word_1_50' title='bbox 757 1168 794 1233; x_wconf 91' lang='lat' dir='ltr'><strong>et</strong></span> <span class='ocrx_word' id='word_1_51' title='bbox 819 1159 904 1233; x_wconf 84' lang='lat' dir='ltr'><strong>finis</strong></span> <span class='ocrx_word' id='word_1_52' title='bbox 929 1169 965 1233; x_wconf 93' lang='lat' dir='ltr'><strong>et</strong></span> <span class='ocrx_word' id='word_1_53' title='bbox 991 1160 1112 1233; x_wconf 87' lang='lat' dir='ltr'><strong>studia</strong></span> <span class='ocrx_word' id='word_1_54' title='bbox 1138 1159 1331 1232; x_wconf 89' lang='lat' dir='ltr'><strong>hominum</strong></span> 
     </span>
     <span class='ocr_line' id='line_1_9' title="bbox 277 1277 1334 1374; baseline -0.01 -13"><span class='ocrx_word' id='word_1_55' title='bbox 277 1312 404 1360; x_wconf 93' lang='lat' dir='ltr'><strong>eorum</strong></span> <span class='ocrx_word' id='word_1_56' title='bbox 433 1281 655 1356; x_wconf 87' lang='lat' dir='ltr'><strong>orationibus</strong></span> <span class='ocrx_word' id='word_1_57' title='bbox 682 1287 719 1350; x_wconf 90' lang='lat' dir='ltr'><strong>et</strong></span> <span class='ocrx_word' id='word_1_58' title='bbox 746 1277 936 1374; x_wconf 86' lang='lat' dir='ltr'><strong>colloquiis</strong></span> <span class='ocrx_word' id='word_1_59' title='bbox 959 1278 1055 1350; x_wconf 90' lang='lat' dir='ltr'><strong>inter</strong></span> <span class='ocrx_word' id='word_1_60' title='bbox 1080 1277 1262 1372; x_wconf 85' lang='lat' dir='ltr'><strong>agendum</strong></span> <span class='ocrx_word' id='word_1_61' title='bbox 1293 1301 1334 1350; x_wconf 87' lang='lat' dir='ltr'><strong>se</strong></span> 
     </span>
     <span class='ocr_line' id='line_1_10' title="bbox 277 1393 1337 1493; baseline -0.01 -15"><span class='ocrx_word' id='word_1_62' title='bbox 277 1403 494 1487; x_wconf 85' lang='lat' dir='ltr'><strong>immiscent,</strong></span> <span class='ocrx_word' id='word_1_63' title='bbox 513 1411 551 1472; x_wconf 91' lang='lat' dir='ltr'><strong>et</strong></span> <span class='ocrx_word' id='word_1_64' title='bbox 578 1395 728 1493; x_wconf 84' lang='lat' dir='ltr'><strong>proinde</strong></span> <span class='ocrx_word' id='word_1_65' title='bbox 752 1396 790 1466; x_wconf 93' lang='lat' dir='ltr'><strong>in</strong></span> <span class='ocrx_word' id='word_1_66' title='bbox 817 1393 967 1489; x_wconf 87' lang='lat' dir='ltr'><strong>Epicam</strong></span> <span class='ocrx_word' id='word_1_67' title='bbox 992 1393 1234 1466; x_wconf 88' lang='lat' dir='ltr'><strong>imitationem</strong></span> <span class='ocrx_word' id='word_1_68' title='bbox 1260 1419 1337 1467; x_wconf 91' lang='lat' dir='ltr'><strong>una</strong></span> 
     </span>
     <span class='ocr_line' id='line_1_11' title="bbox 277 1506 1093 1611; baseline -0.015 -21"><span class='ocrx_word' id='word_1_69' title='bbox 277 1542 363 1590; x_wconf 91' lang='lat' dir='ltr'><strong>cum</strong></span> <span class='ocrx_word' id='word_1_70' title='bbox 383 1515 470 1611; x_wconf 89' lang='lat' dir='ltr'><strong>ipsis</strong></span> <span class='ocrx_word' id='word_1_71' title='bbox 488 1509 705 1584; x_wconf 89' lang='lat' dir='ltr'><strong>Actionibus</strong></span> <span class='ocrx_word' id='word_1_72' title='bbox 722 1506 909 1580; x_wconf 83' lang='lat' dir='ltr'><strong>transferri</strong></span> <span class='ocrx_word' id='word_1_73' title='bbox 926 1512 1093 1602; x_wconf 88' lang='lat' dir='ltr'><strong>possunt.</strong></span> 
     </span>
    </p>
   </div>
   <div class='ocr_carea' id='block_1_4' title="bbox 274 1624 1336 4307">
    <p class='ocr_par' dir='ltr' id='par_1_5' title="bbox 276 1624 1334 2310">
     <span class='ocr_line' id='line_1_12' title="bbox 329 1624 1334 1722; baseline -0.006 -17"><span class='ocrx_word' id='word_1_74' title='bbox 329 1635 376 1705; x_wconf 88' lang='lat' dir='ltr'><strong>At</strong></span> <span class='ocrx_word' id='word_1_75' title='bbox 402 1630 562 1706; x_wconf 89' lang='lat' dir='ltr'><strong>secundo</strong></span> <span class='ocrx_word' id='word_1_76' title='bbox 589 1629 684 1700; x_wconf 92' lang='lat' dir='ltr'><strong>inter</strong></span> <span class='ocrx_word' id='word_1_77' title='bbox 708 1625 930 1698; x_wconf 83' lang='lat' dir='ltr'><strong>narrandum</strong></span> <span class='ocrx_word' id='word_1_78' title='bbox 956 1625 1102 1697; x_wconf 90' lang='lat' dir='ltr'><strong>illorum</strong></span> <span class='ocrx_word' id='word_1_79' title='bbox 1126 1624 1189 1722; x_wconf 93' lang='lat' dir='ltr'><strong>qui</strong></span> <span class='ocrx_word' id='word_1_80' title='bbox 1214 1633 1334 1720; x_wconf 84' lang='lat' dir='ltr'><strong>agunt</strong></span> 
     </span>
     <span class='ocr_line' id='line_1_13' title="bbox 276 1741 1333 1837; baseline -0.009 -12"><span class='ocrx_word' id='word_1_81' title='bbox 276 1749 425 1825; x_wconf 89' lang='lat' dir='ltr'><strong>consilia</strong></span> <span class='ocrx_word' id='word_1_82' title='bbox 452 1759 489 1822; x_wconf 92' lang='lat' dir='ltr'><strong>et</strong></span> <span class='ocrx_word' id='word_1_83' title='bbox 519 1745 671 1818; x_wconf 85' lang='lat' dir='ltr'><strong>affectus</strong></span> <span class='ocrx_word' id='word_1_84' title='bbox 698 1743 913 1815; x_wconf 85' lang='lat' dir='ltr'><strong>adumbrare</strong></span> <span class='ocrx_word' id='word_1_85' title='bbox 939 1753 1061 1837; x_wconf 88' lang='lat' dir='ltr'><strong>potest</strong></span> <span class='ocrx_word' id='word_1_86' title='bbox 1089 1741 1212 1828; x_wconf 88' lang='lat' dir='ltr'><strong>Poeta,</strong></span> <span class='ocrx_word' id='word_1_87' title='bbox 1244 1744 1333 1816; x_wconf 93' lang='lat' dir='ltr'><strong>dum</strong></span> 
     </span>
     <span class='ocr_line' id='line_1_14' title="bbox 278 1857 1333 1963; baseline -0.009 -22"><span class='ocrx_word' id='word_1_88' title='bbox 278 1867 430 1963; x_wconf 85' lang='lat' dir='ltr'><strong>singulis</strong></span> <span class='ocrx_word' id='word_1_89' title='bbox 460 1889 502 1938; x_wconf 87' lang='lat' dir='ltr'><strong>ea</strong></span> <span class='ocrx_word' id='word_1_90' title='bbox 529 1861 657 1936; x_wconf 84' lang='lat' dir='ltr'><strong>tribuit</strong></span> <span class='ocrx_word' id='word_1_91' title='bbox 689 1857 788 1956; x_wconf 92' lang='lat' dir='ltr'><strong>qnod</strong></span> <span class='ocrx_word' id='word_1_92' title='bbox 818 1859 875 1930; x_wconf 89' lang='lat' dir='ltr'><strong>vel</strong></span> <span class='ocrx_word' id='word_1_93' title='bbox 904 1857 1084 1930; x_wconf 87' lang='lat' dir='ltr'><strong>actionem</strong></span> <span class='ocrx_word' id='word_1_94' title='bbox 1113 1860 1172 1932; x_wconf 89' lang='lat' dir='ltr'><strong>vel</strong></span> <span class='ocrx_word' id='word_1_95' title='bbox 1202 1860 1333 1954; x_wconf 85' lang='lat' dir='ltr'><strong>agendi</strong></span> 
     </span>
     <span class='ocr_line' id='line_1_15' title="bbox 278 1975 1333 2078; baseline -0.006 -22"><span class='ocrx_word' id='word_1_96' title='bbox 278 1984 427 2056; x_wconf 88' lang='lat' dir='ltr'><strong>modum</strong></span> <span class='ocrx_word' id='word_1_97' title='bbox 445 1986 586 2078; x_wconf 86' lang='lat' dir='ltr'><strong>spectat</strong></span> <span class='ocrx_word' id='word_1_98' title='bbox 604 2001 684 2070; x_wconf 89' lang='lat' dir='ltr'><strong>quae</strong></span> <span class='ocrx_word' id='word_1_99' title='bbox 703 1977 865 2049; x_wconf 88' lang='lat' dir='ltr'><strong>moribus</strong></span> <span class='ocrx_word' id='word_1_100' title='bbox 881 1976 957 2048; x_wconf 91' lang='lat' dir='ltr'><strong>suis</strong></span> <span class='ocrx_word' id='word_1_101' title='bbox 974 1975 1201 2049; x_wconf 88' lang='lat' dir='ltr'><strong>conveniant.</strong></span> <span class='ocrx_word' id='word_1_102' title='bbox 1234 1979 1333 2050; x_wconf 92' lang='lat' dir='ltr'><strong>Hinc</strong></span> 
     </span>
     <span class='ocr_line' id='line_1_16' title="bbox 278 2093 1334 2190; baseline -0.006 -18"><span class='ocrx_word' id='word_1_103' title='bbox 278 2099 470 2172; x_wconf 89' lang='lat' dir='ltr'><strong>Menelaus</strong></span> <span class='ocrx_word' id='word_1_104' title='bbox 488 2097 526 2169; x_wconf 91' lang='lat' dir='ltr'><strong>in</strong></span> <span class='ocrx_word' id='word_1_105' title='bbox 543 2093 600 2168; x_wconf 76' lang='lat'><strong>3²¹⁰</strong></span> <span class='ocrx_word' id='word_1_106' title='bbox 620 2094 752 2166; x_wconf 82' lang='lat' dir='ltr'><strong>[lindos</strong></span> <span class='ocrx_word' id='word_1_107' title='bbox 772 2093 864 2166; x_wconf 89' lang='lat' dir='ltr'><strong>libro</strong></span> <span class='ocrx_word' id='word_1_108' title='bbox 881 2093 962 2165; x_wconf 89' lang='lat' dir='ltr'><strong>viso</strong></span> <span class='ocrx_word' id='word_1_109' title='bbox 980 2093 1105 2166; x_wconf 91' lang='lat' dir='ltr'><strong>Paride</strong></span> <span class='ocrx_word' id='word_1_110' title='bbox 1122 2093 1160 2164; x_wconf 92' lang='lat' dir='ltr'><strong>in</strong></span> <span class='ocrx_word' id='word_1_111' title='bbox 1178 2095 1334 2190; x_wconf 88' lang='lat' dir='ltr'><strong>primam</strong></span> 
     </span>
     <span class='ocr_line' id='line_1_17' title="bbox 278 2209 1251 2310; baseline -0.004 -22"><span class='ocrx_word' id='word_1_112' title='bbox 278 2215 393 2288; x_wconf 88' lang='lat' dir='ltr'><strong>aciem</strong></span> <span class='ocrx_word' id='word_1_113' title='bbox 413 2213 620 2310; x_wconf 90' lang='lat' dir='ltr'><strong>prorumpit</strong></span> <span class='ocrx_word' id='word_1_114' title='bbox 636 2209 850 2306; x_wconf 85' lang='lat' dir='ltr'><strong>injuriarum</strong></span> <span class='ocrx_word' id='word_1_115' title='bbox 868 2233 1016 2282; x_wconf 86' lang='lat' dir='ltr'><strong>suarum</strong></span> <span class='ocrx_word' id='word_1_116' title='bbox 1034 2235 1251 2284; x_wconf 88' lang='lat' dir='ltr'><strong>memor:—</strong></span> 
     </span>
    </p>

    <p class='ocr_par' dir='ltr' id='par_1_6' title="bbox 274 2333 1120 2426">
     <span class='ocr_line' id='line_1_18' title="bbox 274 2333 1120 2426; baseline -0.005 -30"><span class='ocrx_word' id='word_1_117' title='bbox 274 2417 277 2426; x_wconf 35' lang='grc'><strong><em>’</em></strong></span> <span class='ocrx_word' id='word_1_118' title='bbox 432 2339 517 2396; x_wconf 75' lang='grc' dir='ltr'><strong>Ὥστε</strong></span> <span class='ocrx_word' id='word_1_119' title='bbox 530 2339 599 2393; x_wconf 67' lang='grc' dir='ltr'><strong>λέων</strong></span> <span class='ocrx_word' id='word_1_120' title='bbox 613 2339 693 2410; x_wconf 70' lang='grc' dir='ltr'>ἐχάρη</span> <span class='ocrx_word' id='word_1_121' title='bbox 706 2339 813 2410; x_wconf 71' lang='grc' dir='ltr'>μεγάλῳ</span> <span class='ocrx_word' id='word_1_122' title='bbox 828 2337 869 2391; x_wconf 68' lang='grc' dir='ltr'><strong>ἐπὶ</strong></span> <span class='ocrx_word' id='word_1_123' title='bbox 883 2340 985 2406; x_wconf 80' lang='grc' dir='ltr'><strong><em>σώματι</em></strong></span> <span class='ocrx_word' id='word_1_124' title='bbox 998 2336 1095 2408; x_wconf 76' lang='grc' dir='ltr'>κύρσας</span> <span class='ocrx_word' id='word_1_125' title='bbox 1104 2333 1120 2392; x_wconf 85' lang='lat'><strong>¹.</strong></span> 
     </span>
    </p>

    <p class='ocr_par' dir='ltr' id='par_1_7' title="bbox 278 2455 1336 4307">
     <span class='ocr_line' id='line_1_19' title="bbox 278 2455 1335 2555; baseline -0.001 -22"><span class='ocrx_word' id='word_1_126' title='bbox 278 2459 377 2533; x_wconf 89' lang='lat' dir='ltr'><strong>Hinc</strong></span> <span class='ocrx_word' id='word_1_127' title='bbox 393 2461 431 2532; x_wconf 94' lang='lat' dir='ltr'><strong>in</strong></span> <span class='ocrx_word' id='word_1_128' title='bbox 450 2459 497 2531; x_wconf 61' lang='lat'><strong>50⁰</strong></span> <span class='ocrx_word' id='word_1_129' title='bbox 513 2458 615 2530; x_wconf 88' lang='lat' dir='ltr'><strong>ardet</strong></span> <span class='ocrx_word' id='word_1_130' title='bbox 631 2455 825 2529; x_wconf 86' lang='lat' dir='ltr'><strong>Diomedes</strong></span> <span class='ocrx_word' id='word_1_131' title='bbox 852 2456 1001 2552; x_wconf 86' lang='lat' dir='ltr'><strong>primam</strong></span> <span class='ocrx_word' id='word_1_132' title='bbox 1022 2456 1185 2531; x_wconf 87' lang='lat' dir='ltr'><strong>militaris</strong></span> <span class='ocrx_word' id='word_1_133' title='bbox 1211 2459 1335 2555; x_wconf 83' lang='lat' dir='ltr'><strong>gloriae</strong></span> 
     </span>
     <span class='ocr_line' id='line_1_20' title="bbox 279 2573 1335 2673; baseline 0.001 -24"><span class='ocrx_word' id='word_1_134' title='bbox 279 2579 438 2673; x_wconf 84' lang='lat' dir='ltr'><strong>palmam</strong></span> <span class='ocrx_word' id='word_1_135' title='bbox 472 2574 639 2670; x_wconf 89' lang='lat' dir='ltr'><strong>arripere.</strong></span> <span class='ocrx_word' id='word_1_136' title='bbox 706 2573 829 2668; x_wconf 89' lang='lat' dir='ltr'><strong>Atque</strong></span> <span class='ocrx_word' id='word_1_137' title='bbox 865 2574 942 2646; x_wconf 89' lang='lat' dir='ltr'><strong>haec</strong></span> <span class='ocrx_word' id='word_1_138' title='bbox 978 2575 1174 2670; x_wconf 85' lang='lat' dir='ltr'><strong>saepissime</strong></span> <span class='ocrx_word' id='word_1_139' title='bbox 1207 2577 1335 2650; x_wconf 89' lang='lat' dir='ltr'><strong>leviter</strong></span> 
     </span>
     <span class='ocr_line' id='line_1_21' title="bbox 280 2689 1335 2790; baseline 0 -24"><span class='ocrx_word' id='word_1_140' title='bbox 280 2693 470 2790; x_wconf 87' lang='lat' dir='ltr'><strong>perstricta</strong></span> <span class='ocrx_word' id='word_1_141' title='bbox 495 2691 541 2764; x_wconf 85' lang='lat' dir='ltr'><strong>ad</strong></span> <span class='ocrx_word' id='word_1_142' title='bbox 566 2689 729 2762; x_wconf 87' lang='lat' dir='ltr'><strong>intimam</strong></span> <span class='ocrx_word' id='word_1_143' title='bbox 750 2713 941 2784; x_wconf 85' lang='lat' dir='ltr'><strong>personam</strong></span> <span class='ocrx_word' id='word_1_144' title='bbox 967 2690 1125 2764; x_wconf 88' lang='lat' dir='ltr'><strong>hominis</strong></span> <span class='ocrx_word' id='word_1_145' title='bbox 1142 2693 1241 2766; x_wconf 90' lang='lat' dir='ltr'><strong>ultro</strong></span> <span class='ocrx_word' id='word_1_146' title='bbox 1265 2719 1335 2766; x_wconf 90' lang='lat' dir='ltr'><strong>nos</strong></span> 
     </span>
     <span class='ocr_line' id='line_1_22' title="bbox 279 2807 1336 2903; baseline 0.002 -20"><span class='ocrx_word' id='word_1_147' title='bbox 279 2809 482 2883; x_wconf 91' lang='lat' dir='ltr'><strong>remittunt.</strong></span> <span class='ocrx_word' id='word_1_148' title='bbox 542 2807 624 2903; x_wconf 90' lang='lat' dir='ltr'><strong>lpse</strong></span> <span class='ocrx_word' id='word_1_149' title='bbox 658 2807 767 2879; x_wconf 87' lang='lat' dir='ltr'><strong>etiam</strong></span> <span class='ocrx_word' id='word_1_150' title='bbox 802 2831 922 2878; x_wconf 90' lang='lat' dir='ltr'><strong>rerum</strong></span> <span class='ocrx_word' id='word_1_151' title='bbox 958 2815 1142 2902; x_wconf 86' lang='lat' dir='ltr'><strong>gestarum</strong></span> <span class='ocrx_word' id='word_1_152' title='bbox 1175 2812 1264 2882; x_wconf 92' lang='lat' dir='ltr'><strong>ordo</strong></span> <span class='ocrx_word' id='word_1_153' title='bbox 1297 2824 1336 2886; x_wconf 84' lang='lat' dir='ltr'><strong>et</strong></span> 
     </span>
     <span class='ocr_line' id='line_1_23' title="bbox 280 2922 1336 3020; baseline 0.001 -22"><span class='ocrx_word' id='word_1_154' title='bbox 280 2926 383 3010; x_wconf 87' lang='lat' dir='ltr'><strong>ratio,</strong></span> <span class='ocrx_word' id='word_1_155' title='bbox 403 2950 486 2997; x_wconf 89' lang='lat' dir='ltr'><strong>cum</strong></span> <span class='ocrx_word' id='word_1_156' title='bbox 505 2949 549 2996; x_wconf 88' lang='lat' dir='ltr'><strong>ex</strong></span> <span class='ocrx_word' id='word_1_157' title='bbox 573 2923 731 2997; x_wconf 89' lang='lat' dir='ltr'><strong>consiliis</strong></span> <span class='ocrx_word' id='word_1_158' title='bbox 750 2922 939 2996; x_wconf 91' lang='lat' dir='ltr'><strong>hominum</strong></span> <span class='ocrx_word' id='word_1_159' title='bbox 956 2947 1078 2996; x_wconf 90' lang='lat' dir='ltr'><strong>revera</strong></span> <span class='ocrx_word' id='word_1_160' title='bbox 1098 2926 1263 3020; x_wconf 85' lang='lat' dir='ltr'><strong>pendeat,</strong></span> <span class='ocrx_word' id='word_1_161' title='bbox 1283 2927 1336 3000; x_wconf 83' lang='lat' dir='ltr'><strong>ita</strong></span> 
     </span>
     <span class='ocr_line' id='line_1_24' title="bbox 282 3039 1336 3137; baseline 0.002 -23"><span class='ocrx_word' id='word_1_162' title='bbox 282 3041 424 3137; x_wconf 92' lang='lat' dir='ltr'><strong>disponi</strong></span> <span class='ocrx_word' id='word_1_163' title='bbox 450 3049 571 3136; x_wconf 90' lang='lat' dir='ltr'><strong>potest</strong></span> <span class='ocrx_word' id='word_1_164' title='bbox 597 3050 638 3112; x_wconf 90' lang='lat' dir='ltr'><strong>ut</strong></span> <span class='ocrx_word' id='word_1_165' title='bbox 668 3065 743 3112; x_wconf 93' lang='lat' dir='ltr'><strong>non</strong></span> <span class='ocrx_word' id='word_1_166' title='bbox 770 3063 898 3135; x_wconf 87' lang='lat' dir='ltr'><strong>parum</strong></span> <span class='ocrx_word' id='word_1_167' title='bbox 924 3039 1124 3136; x_wconf 88' lang='lat' dir='ltr'><strong>adjumenti</strong></span> <span class='ocrx_word' id='word_1_168' title='bbox 1149 3041 1221 3114; x_wconf 90' lang='lat' dir='ltr'><strong>huc</strong></span> <span class='ocrx_word' id='word_1_169' title='bbox 1247 3067 1336 3116; x_wconf 89' lang='lat' dir='ltr'><strong>con-</strong></span> 
     </span>
     <span class='ocr_line' id='line_1_25' title="bbox 280 3156 1336 3253; baseline 0.002 -23"><span class='ocrx_word' id='word_1_170' title='bbox 280 3159 384 3243; x_wconf 85' lang='lat' dir='ltr'><strong>serat,</strong></span> <span class='ocrx_word' id='word_1_171' title='bbox 400 3156 429 3230; x_wconf 91' lang='lat' dir='ltr'><strong>si</strong></span> <span class='ocrx_word' id='word_1_172' title='bbox 447 3156 541 3228; x_wconf 88' lang='lat' dir='ltr'><strong>iuter</strong></span> <span class='ocrx_word' id='word_1_173' title='bbox 557 3157 738 3252; x_wconf 86' lang='lat' dir='ltr'><strong>agendum</strong></span> <span class='ocrx_word' id='word_1_174' title='bbox 752 3181 834 3228; x_wconf 88' lang='lat' dir='ltr'><strong>enm</strong></span> <span class='ocrx_word' id='word_1_175' title='bbox 849 3156 1002 3253; x_wconf 88' lang='lat' dir='ltr'><strong>quisque</strong></span> <span class='ocrx_word' id='word_1_176' title='bbox 1018 3157 1141 3230; x_wconf 93' lang='lat' dir='ltr'><strong>locum</strong></span> <span class='ocrx_word' id='word_1_177' title='bbox 1159 3169 1195 3231; x_wconf 92' lang='lat' dir='ltr'><strong>et</strong></span> <span class='ocrx_word' id='word_1_178' title='bbox 1213 3161 1336 3232; x_wconf 87' lang='lat' dir='ltr'><strong>sedern</strong></span> 
     </span>
     <span class='ocr_line' id='line_1_26' title="bbox 281 3275 1335 3370; baseline 0.002 -22"><span class='ocrx_word' id='word_1_179' title='bbox 281 3281 436 3370; x_wconf 89' lang='lat' dir='ltr'><strong>occupet</strong></span> <span class='ocrx_word' id='word_1_180' title='bbox 453 3280 492 3346; x_wconf 87' lang='lat' dir='ltr'><strong>et</strong></span> <span class='ocrx_word' id='word_1_181' title='bbox 516 3297 577 3346; x_wconf 87' lang='lat' dir='ltr'><strong>eas</strong></span> <span class='ocrx_word' id='word_1_182' title='bbox 602 3281 723 3370; x_wconf 83' lang='lat' dir='ltr'><strong>partes</strong></span> <span class='ocrx_word' id='word_1_183' title='bbox 749 3280 833 3370; x_wconf 86' lang='lat' dir='ltr'><strong>agat</strong></span> <span class='ocrx_word' id='word_1_184' title='bbox 854 3297 934 3368; x_wconf 86' lang='lat' dir='ltr'><strong>quae</strong></span> <span class='ocrx_word' id='word_1_185' title='bbox 960 3275 1122 3346; x_wconf 92' lang='lat' dir='ltr'><strong>moribus</strong></span> <span class='ocrx_word' id='word_1_186' title='bbox 1147 3277 1225 3370; x_wconf 86' lang='lat' dir='ltr'><strong>ejus</strong></span> <span class='ocrx_word' id='word_1_187' title='bbox 1250 3301 1335 3350; x_wconf 92' lang='lat' dir='ltr'><strong>con-</strong></span> 
     </span>
     <span class='ocr_line' id='line_1_27' title="bbox 281 3373 1336 3488; baseline 0.002 -24"><span class='ocrx_word' id='word_1_188' title='bbox 281 3373 441 3464; x_wconf 72' lang='lat' dir='ltr'><strong>veniant„</strong></span> <span class='ocrx_word' id='word_1_189' title='bbox 493 3389 642 3463; x_wconf 80' lang='lat' dir='ltr'><strong>Rectius</strong></span> <span class='ocrx_word' id='word_1_190' title='bbox 678 3389 873 3462; x_wconf 90' lang='lat' dir='ltr'><strong>Diomedes</strong></span> <span class='ocrx_word' id='word_1_191' title='bbox 911 3391 949 3461; x_wconf 93' lang='lat' dir='ltr'><strong>in</strong></span> <span class='ocrx_word' id='word_1_192' title='bbox 982 3391 1100 3486; x_wconf 91' lang='lat' dir='ltr'><strong>primo</strong></span> <span class='ocrx_word' id='word_1_193' title='bbox 1139 3417 1336 3488; x_wconf 82' lang='lat' dir='ltr'><strong>congressu</strong></span> 
     </span>
     <span class='ocr_line' id='line_1_28' title="bbox 282 3505 1336 3602; baseline 0.002 -21"><span class='ocrx_word' id='word_1_194' title='bbox 282 3506 529 3602; x_wconf 89' lang='lat' dir='ltr'><strong>conspicitur:</strong></span> <span class='ocrx_word' id='word_1_195' title='bbox 562 3507 697 3580; x_wconf 87' lang='lat' dir='ltr'><strong>rectius</strong></span> <span class='ocrx_word' id='word_1_196' title='bbox 722 3505 819 3602; x_wconf 84' lang='lat' dir='ltr'><strong>Ajax</strong></span> <span class='ocrx_word' id='word_1_197' title='bbox 845 3505 882 3579; x_wconf 94' lang='lat' dir='ltr'><strong>in</strong></span> <span class='ocrx_word' id='word_1_198' title='bbox 909 3531 1098 3580; x_wconf 90' lang='lat' dir='ltr'><strong>murorum</strong></span> <span class='ocrx_word' id='word_1_199' title='bbox 1124 3520 1161 3581; x_wconf 90' lang='lat' dir='ltr'><strong>et</strong></span> <span class='ocrx_word' id='word_1_200' title='bbox 1186 3511 1336 3584; x_wconf 87' lang='lat' dir='ltr'><strong>navium</strong></span> 
     </span>
     <span class='ocr_line' id='line_1_29' title="bbox 282 3623 1335 3721; baseline 0.002 -24"><span class='ocrx_word' id='word_1_201' title='bbox 282 3625 555 3721; x_wconf 87' lang='lat' dir='ltr'><strong>oppugnatione</strong></span> <span class='ocrx_word' id='word_1_202' title='bbox 586 3625 748 3697; x_wconf 89' lang='lat' dir='ltr'><strong>bostium</strong></span> <span class='ocrx_word' id='word_1_203' title='bbox 779 3623 957 3720; x_wconf 86' lang='lat' dir='ltr'><strong>impetum</strong></span> <span class='ocrx_word' id='word_1_204' title='bbox 988 3625 1167 3700; x_wconf 87' lang='lat' dir='ltr'><strong>sustinet:</strong></span> <span class='ocrx_word' id='word_1_205' title='bbox 1203 3652 1335 3700; x_wconf 89' lang='lat' dir='ltr'><strong>eorun-</strong></span> 
     </span>
     <span class='ocr_line' id='line_1_30' title="bbox 283 3740 1336 3840; baseline 0.003 -25"><span class='ocrx_word' id='word_1_206' title='bbox 283 3743 365 3815; x_wconf 90' lang='lat' dir='ltr'><strong>dem</strong></span> <span class='ocrx_word' id='word_1_207' title='bbox 384 3743 475 3813; x_wconf 86' lang='lat' dir='ltr'><strong>alter</strong></span> <span class='ocrx_word' id='word_1_208' title='bbox 492 3766 578 3814; x_wconf 91' lang='lat' dir='ltr'><strong>cnm</strong></span> <span class='ocrx_word' id='word_1_209' title='bbox 596 3740 746 3813; x_wconf 90' lang='lat' dir='ltr'><strong>consilio</strong></span> <span class='ocrx_word' id='word_1_210' title='bbox 764 3751 933 3814; x_wconf 90' lang='lat' dir='ltr'><strong>strenuus</strong></span> <span class='ocrx_word' id='word_1_211' title='bbox 950 3748 1060 3839; x_wconf 87' lang='lat' dir='ltr'><strong>atque</strong></span> <span class='ocrx_word' id='word_1_212' title='bbox 1083 3743 1236 3840; x_wconf 86' lang='lat' dir='ltr'><strong>impiger</strong></span> <span class='ocrx_word' id='word_1_213' title='bbox 1252 3769 1336 3818; x_wconf 88' lang='lat' dir='ltr'><strong>noc-</strong></span> 
     </span>
     <span class='ocr_line' id='line_1_31' title="bbox 282 3847 1334 3958; baseline 0.002 -25"><span class='ocrx_word' id='word_1_214' title='bbox 282 3869 402 3933; x_wconf 80' lang='lat' dir='ltr'><strong>turnae</strong></span> <span class='ocrx_word' id='word_1_215' title='bbox 420 3857 662 3954; x_wconf 84' lang='lat' dir='ltr'><strong>explorationi</strong></span> <span class='ocrx_word' id='word_1_216' title='bbox 687 3857 805 3954; x_wconf 85' lang='lat' dir='ltr'><strong>aptior</strong></span> <span class='ocrx_word' id='word_1_217' title='bbox 822 3870 889 3944; x_wconf 88' lang='lat' dir='ltr'><strong>est,</strong></span> <span class='ocrx_word' id='word_1_218' title='bbox 908 3847 998 3932; x_wconf 77' lang='lat' dir='ltr'><strong>alter&#39;</strong></span> <span class='ocrx_word' id='word_1_219' title='bbox 1016 3860 1115 3934; x_wconf 86' lang='lat' dir='ltr'><strong>ferox</strong></span> <span class='ocrx_word' id='word_1_220' title='bbox 1138 3870 1176 3934; x_wconf 92' lang='lat' dir='ltr'><strong>et</strong></span> <span class='ocrx_word' id='word_1_221' title='bbox 1200 3863 1334 3958; x_wconf 86' lang='lat' dir='ltr'><strong>magni·</strong></span> 
     </span>
     <span class='ocr_line' id='line_1_32' title="bbox 282 3974 1336 4074; baseline 0.002 -23"><span class='ocrx_word' id='word_1_222' title='bbox 282 3978 411 4051; x_wconf 89' lang='lat' dir='ltr'><strong>tudine</strong></span> <span class='ocrx_word' id='word_1_223' title='bbox 440 3974 603 4072; x_wconf 85' lang='lat' dir='ltr'><strong>corporis</strong></span> <span class='ocrx_word' id='word_1_224' title='bbox 633 3975 783 4069; x_wconf 86' lang='lat' dir='ltr'><strong>insignis</strong></span> <span class='ocrx_word' id='word_1_225' title='bbox 818 3977 880 4070; x_wconf 92' lang='lat' dir='ltr'><strong>qni</strong></span> <span class='ocrx_word' id='word_1_226' title='bbox 913 3975 1063 4049; x_wconf 88' lang='lat' dir='ltr'><strong>Hectori</strong></span> <span class='ocrx_word' id='word_1_227' title='bbox 1095 3979 1132 4050; x_wconf 94' lang='lat' dir='ltr'><strong>in</strong></span> <span class='ocrx_word' id='word_1_228' title='bbox 1163 3979 1336 4074; x_wconf 86' lang='lat' dir='ltr'><strong>singulari</strong></span> 
     </span>
     <span class='ocr_line' id='line_1_33' title="bbox 282 4089 1336 4188; baseline 0.004 -22"><span class='ocrx_word' id='word_1_229' title='bbox 282 4091 479 4166; x_wconf 87' lang='lat' dir='ltr'><strong>certamine</strong></span> <span class='ocrx_word' id='word_1_230' title='bbox 503 4099 718 4187; x_wconf 86' lang='lat' dir='ltr'><strong>opponatur.</strong></span> <span class='ocrx_word' id='word_1_231' title='bbox 772 4089 863 4164; x_wconf 78' lang='lat' dir='ltr'><strong>Haec</strong></span> <span class='ocrx_word' id='word_1_232' title='bbox 883 4095 1041 4188; x_wconf 87' lang='lat' dir='ltr'><strong>majora:</strong></span> <span class='ocrx_word' id='word_1_233' title='bbox 1072 4119 1137 4167; x_wconf 91' lang='lat' dir='ltr'><strong>nec</strong></span> <span class='ocrx_word' id='word_1_234' title='bbox 1160 4121 1247 4170; x_wconf 89' lang='lat' dir='ltr'><strong>vero</strong></span> <span class='ocrx_word' id='word_1_235' title='bbox 1269 4098 1336 4169; x_wconf 92' lang='lat' dir='ltr'><strong>mi-</strong></span> 
     </span>
     <span class='ocr_line' id='line_1_34' title="bbox 284 4209 1336 4307; baseline 0.008 -27"><span class='ocrx_word' id='word_1_236' title='bbox 284 4235 351 4281; x_wconf 93' lang='lat' dir='ltr'><strong>nor</strong></span> <span class='ocrx_word' id='word_1_237' title='bbox 367 4211 404 4282; x_wconf 94' lang='lat' dir='ltr'><strong>in</strong></span> <span class='ocrx_word' id='word_1_238' title='bbox 424 4211 562 4281; x_wconf 83' lang='lat' dir='ltr'><strong>caeteris</strong></span> <span class='ocrx_word' id='word_1_239' title='bbox 580 4220 696 4305; x_wconf 83' lang='lat' dir='ltr'><strong>poetae</strong></span> <span class='ocrx_word' id='word_1_240' title='bbox 715 4233 799 4282; x_wconf 87' lang='lat' dir='ltr'><strong>cura</strong></span> <span class='ocrx_word' id='word_1_241' title='bbox 814 4217 855 4281; x_wconf 92' lang='lat' dir='ltr'><strong>ut</strong></span> <span class='ocrx_word' id='word_1_242' title='bbox 873 4209 1022 4307; x_wconf 89' lang='lat' dir='ltr'><strong>singulis</strong></span> <span class='ocrx_word' id='word_1_243' title='bbox 1039 4215 1214 4307; x_wconf 85' lang='lat' dir='ltr'><strong>personis,</strong></span> <span class='ocrx_word' id='word_1_244' title='bbox 1227 4215 1336 4288; x_wconf 90' lang='lat' dir='ltr'><strong>etiam</strong></span> 
     </span>
    </p>
   </div>
   <div class='ocr_carea' id='block_1_5' title="bbox 216 4347 1297 4430">
    <p class='ocr_par' dir='ltr' id='par_1_8' title="bbox 216 4347 1297 4430">
     <span class='ocr_line' id='line_1_35' title="bbox 216 4347 1297 4430; baseline 0.006 -25"><span class='ocrx_word' id='word_1_245' title='bbox 216 4399 218 4408; x_wconf 88' lang='lat'><em>.</em></span> <span class='ocrx_word' id='word_1_246' title='bbox 324 4348 330 4380; x_wconf 85' lang='lat'><strong>¹</strong></span> <span class='ocrx_word' id='word_1_247' title='bbox 352 4348 394 4406; x_wconf 73' lang='lat'><strong><em>11..</em></strong></span> <span class='ocrx_word' id='word_1_248' title='bbox 412 4361 443 4404; x_wconf 79' lang='grc' dir='ltr'><strong>κ.</strong></span> <span class='ocrx_word' id='word_1_249' title='bbox 462 4349 526 4422; x_wconf 87' lang='lat'>167.</span> <span class='ocrx_word' id='word_1_250' title='bbox 686 4349 700 4386; x_wconf 84' lang='lat'><strong>¹¹</strong></span> <span class='ocrx_word' id='word_1_251' title='bbox 723 4347 800 4408; x_wconf 86' lang='lat' dir='ltr'><strong>Ibid.</strong></span> <span class='ocrx_word' id='word_1_252' title='bbox 818 4369 884 4424; x_wconf 78' lang='lat'>242.</span> <span class='ocrx_word' id='word_1_253' title='bbox 1078 4355 1085 4393; x_wconf 90' lang='lat'>¹</span> <span class='ocrx_word' id='word_1_254' title='bbox 1107 4353 1186 4414; x_wconf 89' lang='lat' dir='ltr'><strong>Ibid.</strong></span> <span class='ocrx_word' id='word_1_255' title='bbox 1202 4369 1229 4414; x_wconf 81' lang='grc' dir='ltr'><strong>Γ.</strong></span> <span class='ocrx_word' id='word_1_256' title='bbox 1249 4375 1297 4430; x_wconf 75' lang='lat'><strong>²3·</strong></span> 
     </span>
    </p>
   </div>
   <div class='ocr_carea' id='block_1_6' title="bbox 0 0 1544 4902">
    <p class='ocr_par' dir='ltr' id='par_1_9' title="bbox 0 0 1544 4902">
     <span class='ocr_line' id='line_1_36' title="bbox 0 0 1544 4902; baseline 0 0"><span class='ocrx_word' id='word_1_257' title='bbox 0 0 1544 4902; x_wconf 95' lang='lat' dir='ltr'><strong> </strong></span> 
     </span>
    </p>
   </div>
  </div>
 </body>
</html>
