<?xml version="1.0" encoding="UTF-8"?>
<!DOCTYPE html PUBLIC "-//W3C//DTD XHTML 1.0 Transitional//EN"
    "http://www.w3.org/TR/xhtml1/DTD/xhtml1-transitional.dtd">
<html xmlns="http://www.w3.org/1999/xhtml" xml:lang="en" lang="en">
 <head>
  <title>
</title>
<meta http-equiv="Content-Type" content="text/html;charset=utf-8" />
  <meta name='ocr-system' content='tesseract 3.04.00' />
  <meta name='ocr-capabilities' content='ocr_page ocr_carea ocr_par ocr_line ocrx_word'/>
</head>
<body>
  <div class='ocr_page' id='page_1' title='image "./prlectionesacad00randgoog_0114.png"; bbox 0 0 3094 4898; ppageno 0'>
   <div class='ocr_carea' id='block_1_1' title="bbox 269 263 972 340">
    <p class='ocr_par' dir='ltr' id='par_1_1' title="bbox 269 263 972 340">
     <span class='ocr_line' id='line_1_1' title="bbox 269 263 972 340; baseline 0.014 -10"><span class='ocrx_word' id='word_1_1' title='bbox 269 263 332 330; x_wconf 84' lang='lat'>104</span> <span class='ocrx_word' id='word_1_2' title='bbox 614 290 827 340; x_wconf 75' lang='lat' dir='ltr'>rannnorro</span> <span class='ocrx_word' id='word_1_3' title='bbox 848 291 972 340; x_wconf 70' lang='lat' dir='ltr'>serra</span> 
     </span>
    </p>
   </div>
   <div class='ocr_carea' id='block_1_2' title="bbox 260 436 1327 4020">
    <p class='ocr_par' dir='ltr' id='par_1_2' title="bbox 260 436 1327 4020">
     <span class='ocr_line' id='line_1_2' title="bbox 264 436 1324 518; baseline 0.005 -6"><span class='ocrx_word' id='word_1_4' title='bbox 264 445 370 512; x_wconf 78' lang='lat' dir='ltr'>veros</span> <span class='ocrx_word' id='word_1_5' title='bbox 386 436 468 511; x_wconf 90' lang='lat' dir='ltr'>illos</span> <span class='ocrx_word' id='word_1_6' title='bbox 485 445 521 512; x_wconf 90' lang='lat' dir='ltr'>et</span> <span class='ocrx_word' id='word_1_7' title='bbox 545 437 705 512; x_wconf 87' lang='lat' dir='ltr'>sincems</span> <span class='ocrx_word' id='word_1_8' title='bbox 730 438 881 512; x_wconf 83' lang='lat' dir='ltr'>affectus</span> <span class='ocrx_word' id='word_1_9' title='bbox 906 440 1072 513; x_wconf 92' lang='lat' dir='ltr'>nondum</span> <span class='ocrx_word' id='word_1_10' title='bbox 1089 438 1172 514; x_wconf 88' lang='lat' dir='ltr'>fuco</span> <span class='ocrx_word' id='word_1_11' title='bbox 1189 441 1324 518; x_wconf 91' lang='lat' dir='ltr'>oblitos</span> 
     </span>
     <span class='ocr_line' id='line_1_3' title="bbox 266 553 1326 652; baseline 0.007 -25"><span class='ocrx_word' id='word_1_12' title='bbox 266 578 384 652; x_wconf 91' lang='lat' dir='ltr'>neque</span> <span class='ocrx_word' id='word_1_13' title='bbox 413 555 594 652; x_wconf 74' lang='lat' dir='ltr'><strong>pravitate</strong></span> <span class='ocrx_word' id='word_1_14' title='bbox 624 555 709 628; x_wconf 83' lang='lat' dir='ltr'>vitae</span> <span class='ocrx_word' id='word_1_15' title='bbox 731 553 951 652; x_wconf 90' lang='lat' dir='ltr'>inquinatos.</span> <span class='ocrx_word' id='word_1_16' title='bbox 1004 555 1093 630; x_wconf 96' lang='lat' dir='ltr'>Non</span> <span class='ocrx_word' id='word_1_17' title='bbox 1126 558 1224 631; x_wconf 86' lang='lat' dir='ltr'>enim</span> <span class='ocrx_word' id='word_1_18' title='bbox 1253 571 1326 634; x_wconf 88' lang='lat' dir='ltr'>sta·</span> 
     </span>
     <span class='ocr_line' id='line_1_4' title="bbox 267 670 1327 768; baseline 0.007 -23"><span class='ocrx_word' id='word_1_19' title='bbox 267 670 335 745; x_wconf 87' lang='lat' dir='ltr'>tim</span> <span class='ocrx_word' id='word_1_20' title='bbox 360 695 440 745; x_wconf 88' lang='lat' dir='ltr'>sese</span> <span class='ocrx_word' id='word_1_21' title='bbox 467 671 583 744; x_wconf 82' lang='lat' dir='ltr'><strong>exerit</strong></span> <span class='ocrx_word' id='word_1_22' title='bbox 613 682 744 746; x_wconf 86' lang='lat' dir='ltr'>natura</span> <span class='ocrx_word' id='word_1_23' title='bbox 756 704 767 760; x_wconf 88' lang='lat'>;</span> <span class='ocrx_word' id='word_1_24' title='bbox 796 696 915 768; x_wconf 90' lang='lat' dir='ltr'>neque</span> <span class='ocrx_word' id='word_1_25' title='bbox 943 673 983 745; x_wconf 93' lang='lat' dir='ltr'>iu</span> <span class='ocrx_word' id='word_1_26' title='bbox 1012 673 1132 748; x_wconf 91' lang='lat' dir='ltr'>media</span> <span class='ocrx_word' id='word_1_27' title='bbox 1160 675 1327 752; x_wconf 86' lang='lat' dir='ltr'>barbarie</span> 
     </span>
     <span class='ocr_line' id='line_1_5' title="bbox 267 787 1325 886; baseline 0.008 -25"><span class='ocrx_word' id='word_1_28' title='bbox 267 794 305 862; x_wconf 91' lang='lat' dir='ltr'>et</span> <span class='ocrx_word' id='word_1_29' title='bbox 337 787 413 862; x_wconf 89' lang='lat' dir='ltr'>vita</span> <span class='ocrx_word' id='word_1_30' title='bbox 443 787 595 862; x_wconf 90' lang='lat' dir='ltr'>immani</span> <span class='ocrx_word' id='word_1_31' title='bbox 629 789 717 862; x_wconf 88' lang='lat' dir='ltr'>satis</span> <span class='ocrx_word' id='word_1_32' title='bbox 750 789 1001 886; x_wconf 91' lang='lat' dir='ltr'>intelliguntur</span> <span class='ocrx_word' id='word_1_33' title='bbox 1031 791 1229 866; x_wconf 85' lang='lat' dir='ltr'>oerissuma</span> <span class='ocrx_word' id='word_1_34' title='bbox 1261 796 1325 870; x_wconf 91' lang='lat' dir='ltr'>illa</span> 
     </span>
     <span class='ocr_line' id='line_1_6' title="bbox 265 904 1322 1003; baseline 0.006 -25"><span class='ocrx_word' id='word_1_35' title='bbox 265 905 412 979; x_wconf 85' lang='lat' dir='ltr'>vincula</span> <span class='ocrx_word' id='word_1_36' title='bbox 436 904 568 1003; x_wconf 83' lang='lat' dir='ltr'>quibus</span> <span class='ocrx_word' id='word_1_37' title='bbox 584 905 680 979; x_wconf 88' lang='lat' dir='ltr'>inter</span> <span class='ocrx_word' id='word_1_38' title='bbox 696 931 735 980; x_wconf 89' lang='lat' dir='ltr'>se</span> <span class='ocrx_word' id='word_1_39' title='bbox 754 905 1007 981; x_wconf 85' lang='lat' dir='ltr'>devinciuntur</span> <span class='ocrx_word' id='word_1_40' title='bbox 1024 907 1190 982; x_wconf 92' lang='lat' dir='ltr'>homines</span> <span class='ocrx_word' id='word_1_41' title='bbox 1208 941 1218 998; x_wconf 91' lang='lat'>;</span> <span class='ocrx_word' id='word_1_42' title='bbox 1259 936 1322 984; x_wconf 90' lang='lat' dir='ltr'>ne-</span> 
     </span>
     <span class='ocr_line' id='line_1_7' title="bbox 267 1023 1321 1122; baseline 0.005 -28"><span class='ocrx_word' id='word_1_43' title='bbox 267 1047 338 1118; x_wconf 88' lang='lat' dir='ltr'>que</span> <span class='ocrx_word' id='word_1_44' title='bbox 361 1023 473 1096; x_wconf 89' lang='lat' dir='ltr'>animi</span> <span class='ocrx_word' id='word_1_45' title='bbox 497 1034 534 1098; x_wconf 92' lang='lat' dir='ltr'>et</span> <span class='ocrx_word' id='word_1_46' title='bbox 551 1023 685 1119; x_wconf 86' lang='lat' dir='ltr'>ingenii</span> <span class='ocrx_word' id='word_1_47' title='bbox 710 1023 805 1095; x_wconf 88' lang='lat' dir='ltr'>vires</span> <span class='ocrx_word' id='word_1_48' title='bbox 822 1026 946 1097; x_wconf 85' lang='lat' dir='ltr'>statim</span> <span class='ocrx_word' id='word_1_49' title='bbox 962 1031 1001 1098; x_wconf 91' lang='lat' dir='ltr'>et</span> <span class='ocrx_word' id='word_1_50' title='bbox 1025 1049 1092 1098; x_wconf 89' lang='lat' dir='ltr'>sua</span> <span class='ocrx_word' id='word_1_51' title='bbox 1109 1037 1240 1122; x_wconf 92' lang='lat' dir='ltr'>sponte</span> <span class='ocrx_word' id='word_1_52' title='bbox 1256 1053 1321 1100; x_wconf 84' lang='lat' dir='ltr'>ex·</span> 
     </span>
     <span class='ocr_line' id='line_1_8' title="bbox 266 1137 1322 1236; baseline 0.007 -26"><span class='ocrx_word' id='word_1_53' title='bbox 266 1139 436 1224; x_wconf 79' lang='lat' dir='ltr'>citantur,</span> <span class='ocrx_word' id='word_1_54' title='bbox 455 1162 571 1236; x_wconf 85' lang='lat' dir='ltr'>neque</span> <span class='ocrx_word' id='word_1_55' title='bbox 594 1139 695 1212; x_wconf 85' lang='lat' dir='ltr'>nulla</span> <span class='ocrx_word' id='word_1_56' title='bbox 717 1137 969 1212; x_wconf 81' lang='lat' dir='ltr'>exercitatione</span> <span class='ocrx_word' id='word_1_57' title='bbox 987 1151 1176 1236; x_wconf 90' lang='lat' dir='ltr'>augentur.</span> <span class='ocrx_word' id='word_1_58' title='bbox 1234 1143 1322 1218; x_wconf 88' lang='lat' dir='ltr'>Vita</span> 
     </span>
     <span class='ocr_line' id='line_1_9' title="bbox 266 1254 1322 1353; baseline 0.006 -27"><span class='ocrx_word' id='word_1_59' title='bbox 266 1254 414 1351; x_wconf 90' lang='lat' dir='ltr'>politica</span> <span class='ocrx_word' id='word_1_60' title='bbox 431 1279 524 1351; x_wconf 93' lang='lat' dir='ltr'>opus</span> <span class='ocrx_word' id='word_1_61' title='bbox 541 1262 617 1340; x_wconf 87' lang='lat' dir='ltr'>est;</span> <span class='ocrx_word' id='word_1_62' title='bbox 636 1278 730 1351; x_wconf 92' lang='lat' dir='ltr'>opus</span> <span class='ocrx_word' id='word_1_63' title='bbox 747 1265 802 1328; x_wconf 83' lang='lat' dir='ltr'>est</span> <span class='ocrx_word' id='word_1_64' title='bbox 819 1256 1049 1344; x_wconf 89' lang='lat' dir='ltr'>commercio,</span> <span class='ocrx_word' id='word_1_65' title='bbox 1063 1268 1099 1330; x_wconf 88' lang='lat' dir='ltr'>et</span> <span class='ocrx_word' id='word_1_66' title='bbox 1117 1257 1270 1353; x_wconf 77' lang='lat' dir='ltr'>legibue,</span> <span class='ocrx_word' id='word_1_67' title='bbox 1284 1265 1322 1333; x_wconf 91' lang='lat' dir='ltr'>et</span> 
     </span>
     <span class='ocr_line' id='line_1_10' title="bbox 265 1370 1321 1471; baseline 0.006 -27"><span class='ocrx_word' id='word_1_68' title='bbox 265 1372 402 1444; x_wconf 87' lang='lat' dir='ltr'>artibus</span> <span class='ocrx_word' id='word_1_69' title='bbox 426 1372 535 1445; x_wconf 89' lang='lat' dir='ltr'>etiam</span> <span class='ocrx_word' id='word_1_70' title='bbox 562 1370 790 1468; x_wconf 91' lang='lat' dir='ltr'>quibusdam.</span> <span class='ocrx_word' id='word_1_71' title='bbox 844 1370 984 1445; x_wconf 77' lang='lat' dir='ltr'>Contra</span> <span class='ocrx_word' id='word_1_72' title='bbox 1005 1374 1159 1448; x_wconf 84' lang='lat' dir='ltr'>excultis</span> <span class='ocrx_word' id='word_1_73' title='bbox 1180 1377 1258 1471; x_wconf 87' lang='lat' dir='ltr'>jem</span> <span class='ocrx_word' id='word_1_74' title='bbox 1282 1383 1321 1450; x_wconf 90' lang='lat' dir='ltr'>et</span> 
     </span>
     <span class='ocr_line' id='line_1_11' title="bbox 266 1487 1321 1589; baseline 0.008 -31"><span class='ocrx_word' id='word_1_75' title='bbox 266 1487 453 1583; x_wconf 85' lang='lat' dir='ltr'>perpolitis</span> <span class='ocrx_word' id='word_1_76' title='bbox 481 1489 642 1560; x_wconf 89' lang='lat' dir='ltr'>moribus</span> <span class='ocrx_word' id='word_1_77' title='bbox 668 1497 799 1561; x_wconf 86' lang='lat' dir='ltr'>natura</span> <span class='ocrx_word' id='word_1_78' title='bbox 826 1510 976 1582; x_wconf 88' lang='lat' dir='ltr'>prorsus</span> <span class='ocrx_word' id='word_1_79' title='bbox 1006 1491 1180 1564; x_wconf 85' lang='lat' dir='ltr'>obruitur.</span> <span class='ocrx_word' id='word_1_80' title='bbox 1236 1492 1321 1589; x_wconf 88' lang='lat' dir='ltr'>Ipse</span> 
     </span>
     <span class='ocr_line' id='line_1_12' title="bbox 266 1603 1320 1703; baseline 0.003 -26"><span class='ocrx_word' id='word_1_81' title='bbox 266 1603 468 1677; x_wconf 89' lang='lat' dir='ltr'>officiorum</span> <span class='ocrx_word' id='word_1_82' title='bbox 491 1605 659 1690; x_wconf 87' lang='lat' dir='ltr'>varietas,</span> <span class='ocrx_word' id='word_1_83' title='bbox 677 1603 757 1700; x_wconf 90' lang='lat' dir='ltr'>ipsa</span> <span class='ocrx_word' id='word_1_84' title='bbox 781 1603 866 1676; x_wconf 85' lang='lat' dir='ltr'>vitae</span> <span class='ocrx_word' id='word_1_85' title='bbox 892 1603 1046 1699; x_wconf 87' lang='lat' dir='ltr'>politieae</span> <span class='ocrx_word' id='word_1_86' title='bbox 1073 1605 1258 1703; x_wconf 85' lang='lat' dir='ltr'>implicata</span> <span class='ocrx_word' id='word_1_87' title='bbox 1282 1613 1320 1680; x_wconf 90' lang='lat' dir='ltr'>et</span> 
     </span>
     <span class='ocr_line' id='line_1_13' title="bbox 265 1716 1319 1820; baseline 0.007 -30"><span class='ocrx_word' id='word_1_88' title='bbox 265 1716 431 1792; x_wconf 87' lang='lat' dir='ltr'>involuta</span> <span class='ocrx_word' id='word_1_89' title='bbox 448 1721 551 1818; x_wconf 20' lang='lat' dir='ltr'>‘ratio</span> <span class='ocrx_word' id='word_1_90' title='bbox 581 1742 714 1792; x_wconf 88' lang='lat' dir='ltr'>novam</span> <span class='ocrx_word' id='word_1_91' title='bbox 740 1743 863 1793; x_wconf 91' lang='lat' dir='ltr'>rerum</span> <span class='ocrx_word' id='word_1_92' title='bbox 893 1721 1022 1794; x_wconf 82' lang='lat' dir='ltr'>faciem</span> <span class='ocrx_word' id='word_1_93' title='bbox 1051 1721 1221 1808; x_wconf 86' lang='lat' dir='ltr'>obducit;</span> <span class='ocrx_word' id='word_1_94' title='bbox 1252 1749 1319 1820; x_wconf 93' lang='lat' dir='ltr'>pro</span> 
     </span>
     <span class='ocr_line' id='line_1_14' title="bbox 265 1836 1318 1932; baseline 0.004 -24"><span class='ocrx_word' id='word_1_95' title='bbox 265 1837 496 1932; x_wconf 90' lang='lat' dir='ltr'>negotiorum</span> <span class='ocrx_word' id='word_1_96' title='bbox 525 1843 562 1908; x_wconf 90' lang='lat' dir='ltr'>et</span> <span class='ocrx_word' id='word_1_97' title='bbox 591 1836 796 1910; x_wconf 87' lang='lat' dir='ltr'>commercii</span> <span class='ocrx_word' id='word_1_98' title='bbox 827 1837 1035 1910; x_wconf 88' lang='lat' dir='ltr'>diversitate</span> <span class='ocrx_word' id='word_1_99' title='bbox 1068 1837 1129 1909; x_wconf 90' lang='lat' dir='ltr'>ulii</span> <span class='ocrx_word' id='word_1_100' title='bbox 1158 1839 1198 1910; x_wconf 94' lang='lat' dir='ltr'>in</span> <span class='ocrx_word' id='word_1_101' title='bbox 1227 1838 1318 1912; x_wconf 91' lang='lat' dir='ltr'>alios</span> 
     </span>
     <span class='ocr_line' id='line_1_15' title="bbox 265 1952 1317 2050; baseline 0.002 -25"><span class='ocrx_word' id='word_1_102' title='bbox 265 1976 397 2041; x_wconf 90' lang='lat' dir='ltr'>mores,</span> <span class='ocrx_word' id='word_1_103' title='bbox 416 1959 456 2027; x_wconf 89' lang='lat' dir='ltr'>et</span> <span class='ocrx_word' id='word_1_104' title='bbox 472 1954 510 2026; x_wconf 94' lang='lat' dir='ltr'>in</span> <span class='ocrx_word' id='word_1_105' title='bbox 527 1953 617 2026; x_wconf 89' lang='lat' dir='ltr'>alios</span> <span class='ocrx_word' id='word_1_106' title='bbox 636 1955 788 2027; x_wconf 86' lang='lat' dir='ltr'>affectus</span> <span class='ocrx_word' id='word_1_107' title='bbox 814 1952 1075 2050; x_wconf 91' lang='lat' dir='ltr'>proripiuntur.</span> <span class='ocrx_word' id='word_1_108' title='bbox 1127 1952 1317 2027; x_wconf 87' lang='lat' dir='ltr'>Juvenum</span> 
     </span>
     <span class='ocr_line' id='line_1_16' title="bbox 264 2068 1318 2165; baseline 0.001 -24"><span class='ocrx_word' id='word_1_109' title='bbox 264 2069 376 2142; x_wconf 90' lang='lat' dir='ltr'>animi</span> <span class='ocrx_word' id='word_1_110' title='bbox 392 2070 439 2142; x_wconf 87' lang='lat' dir='ltr'>ud</span> <span class='ocrx_word' id='word_1_111' title='bbox 456 2093 605 2142; x_wconf 89' lang='lat' dir='ltr'>suorum</span> <span class='ocrx_word' id='word_1_112' title='bbox 623 2079 830 2165; x_wconf 90' lang='lat' dir='ltr'>temporum</span> <span class='ocrx_word' id='word_1_113' title='bbox 856 2074 893 2142; x_wconf 92' lang='lat' dir='ltr'>et</span> <span class='ocrx_word' id='word_1_114' title='bbox 919 2093 994 2141; x_wconf 90' lang='lat' dir='ltr'>suae</span> <span class='ocrx_word' id='word_1_115' title='bbox 1016 2068 1133 2164; x_wconf 89' lang='lat' dir='ltr'>gentis</span> <span class='ocrx_word' id='word_1_116' title='bbox 1152 2093 1318 2142; x_wconf 90' lang='lat' dir='ltr'>normam</span> 
     </span>
     <span class='ocr_line' id='line_1_17' title="bbox 264 2185 1320 2282; baseline 0 -22"><span class='ocrx_word' id='word_1_117' title='bbox 264 2187 391 2260; x_wconf 87' lang='lat' dir='ltr'>sedulo</span> <span class='ocrx_word' id='word_1_118' title='bbox 408 2185 640 2282; x_wconf 87' lang='lat' dir='ltr'>effinguntur.</span> <span class='ocrx_word' id='word_1_119' title='bbox 672 2185 910 2259; x_wconf 88' lang='lat' dir='ltr'>Consuetudo</span> <span class='ocrx_word' id='word_1_120' title='bbox 928 2185 1083 2280; x_wconf 90' lang='lat' dir='ltr'>denique</span> <span class='ocrx_word' id='word_1_121' title='bbox 1100 2194 1138 2258; x_wconf 91' lang='lat' dir='ltr'>et</span> <span class='ocrx_word' id='word_1_122' title='bbox 1155 2189 1320 2260; x_wconf 89' lang='lat' dir='ltr'>seculum</span> 
     </span>
     <span class='ocr_line' id='line_1_18' title="bbox 265 2302 1319 2399; baseline -0.002 -23"><span class='ocrx_word' id='word_1_123' title='bbox 265 2303 387 2376; x_wconf 91' lang='lat' dir='ltr'>omnia</span> <span class='ocrx_word' id='word_1_124' title='bbox 406 2303 527 2390; x_wconf 88' lang='lat' dir='ltr'>hebet,</span> <span class='ocrx_word' id='word_1_125' title='bbox 552 2303 611 2375; x_wconf 92' lang='lat' dir='ltr'>vel</span> <span class='ocrx_word' id='word_1_126' title='bbox 634 2302 971 2398; x_wconf 92' lang='lat' dir='ltr'>interloquendum</span> <span class='ocrx_word' id='word_1_127' title='bbox 995 2303 1191 2374; x_wconf 89' lang='lat' dir='ltr'>verborum</span> <span class='ocrx_word' id='word_1_128' title='bbox 1213 2326 1319 2399; x_wconf 88' lang='lat' dir='ltr'>argu-</span> 
     </span>
     <span class='ocr_line' id='line_1_19' title="bbox 263 2417 1320 2506; baseline -0.002 -12"><span class='ocrx_word' id='word_1_129' title='bbox 263 2419 333 2494; x_wconf 86' lang='lat' dir='ltr'>tias</span> <span class='ocrx_word' id='word_1_130' title='bbox 364 2425 401 2492; x_wconf 91' lang='lat' dir='ltr'>et</span> <span class='ocrx_word' id='word_1_131' title='bbox 428 2417 689 2492; x_wconf 90' lang='lat' dir='ltr'>sententiarum</span> <span class='ocrx_word' id='word_1_132' title='bbox 715 2417 953 2492; x_wconf 86' lang='lat' dir='ltr'>subtilitatem</span> <span class='ocrx_word' id='word_1_133' title='bbox 982 2431 1187 2506; x_wconf 80' lang='lat' dir='ltr'>sectamur3</span> <span class='ocrx_word' id='word_1_134' title='bbox 1222 2420 1320 2492; x_wconf 90' lang='lat' dir='ltr'>unde</span> 
     </span>
     <span class='ocr_line' id='line_1_20' title="bbox 263 2533 1320 2630; baseline -0.002 -18"><span class='ocrx_word' id='word_1_135' title='bbox 263 2542 321 2612; x_wconf 90' lang='lat' dir='ltr'>tot</span> <span class='ocrx_word' id='word_1_136' title='bbox 348 2535 554 2630; x_wconf 90' lang='lat' dir='ltr'>linguarum</span> <span class='ocrx_word' id='word_1_137' title='bbox 588 2533 761 2607; x_wconf 88' lang='lat' dir='ltr'>idiomata</span> <span class='ocrx_word' id='word_1_138' title='bbox 793 2539 898 2607; x_wconf 92' lang='lat' dir='ltr'>tanto</span> <span class='ocrx_word' id='word_1_139' title='bbox 932 2533 1122 2606; x_wconf 89' lang='lat' dir='ltr'>intervallo</span> <span class='ocrx_word' id='word_1_140' title='bbox 1151 2535 1249 2607; x_wconf 87' lang='lat' dir='ltr'>inter</span> <span class='ocrx_word' id='word_1_141' title='bbox 1279 2559 1320 2610; x_wconf 89' lang='lat' dir='ltr'>se</span> 
     </span>
     <span class='ocr_line' id='line_1_21' title="bbox 264 2648 1319 2747; baseline -0.004 -19"><span class='ocrx_word' id='word_1_142' title='bbox 264 2653 447 2729; x_wconf 86' lang='lat' dir='ltr'>distantia.</span> <span class='ocrx_word' id='word_1_143' title='bbox 500 2651 660 2725; x_wconf 85' lang='lat' dir='ltr'>Fastidio</span> <span class='ocrx_word' id='word_1_144' title='bbox 678 2650 833 2747; x_wconf 89' lang='lat' dir='ltr'>denique</span> <span class='ocrx_word' id='word_1_145' title='bbox 850 2652 943 2722; x_wconf 87' lang='lat' dir='ltr'>male</span> <span class='ocrx_word' id='word_1_146' title='bbox 968 2648 1126 2723; x_wconf 86' lang='lat' dir='ltr'>delicato</span> <span class='ocrx_word' id='word_1_147' title='bbox 1149 2649 1319 2746; x_wconf 90' lang='lat' dir='ltr'>simplici-</span> 
     </span>
     <span class='ocr_line' id='line_1_22' title="bbox 261 2765 1319 2862; baseline -0.004 -18"><span class='ocrx_word' id='word_1_148' title='bbox 261 2776 377 2844; x_wconf 86' lang='lat' dir='ltr'>tatem</span> <span class='ocrx_word' id='word_1_149' title='bbox 401 2769 482 2842; x_wconf 89' lang='lat' dir='ltr'>vitae</span> <span class='ocrx_word' id='word_1_150' title='bbox 505 2773 543 2841; x_wconf 92' lang='lat' dir='ltr'>et</span> <span class='ocrx_word' id='word_1_151' title='bbox 570 2767 802 2840; x_wconf 85' lang='lat' dir='ltr'>severitatem</span> <span class='ocrx_word' id='word_1_152' title='bbox 827 2765 1038 2862; x_wconf 78' lang='lat' dir='ltr'>refugimus,</span> <span class='ocrx_word' id='word_1_153' title='bbox 1095 2765 1178 2838; x_wconf 89' lang='lat' dir='ltr'>Non</span> <span class='ocrx_word' id='word_1_154' title='bbox 1205 2766 1319 2861; x_wconf 87' lang='lat' dir='ltr'>igitur</span> 
     </span>
     <span class='ocr_line' id='line_1_23' title="bbox 262 2881 1318 2980; baseline -0.004 -20"><span class='ocrx_word' id='word_1_155' title='bbox 262 2913 308 2961; x_wconf 86' lang='lat' dir='ltr'>ex</span> <span class='ocrx_word' id='word_1_156' title='bbox 328 2887 384 2959; x_wconf 89' lang='lat' dir='ltr'>his</span> <span class='ocrx_word' id='word_1_157' title='bbox 409 2885 633 2980; x_wconf 87' lang='lat' dir='ltr'>temporibus</span> <span class='ocrx_word' id='word_1_158' title='bbox 655 2881 867 2955; x_wconf 88' lang='lat' dir='ltr'>instruenda</span> <span class='ocrx_word' id='word_1_159' title='bbox 889 2891 944 2954; x_wconf 90' lang='lat' dir='ltr'>est</span> <span class='ocrx_word' id='word_1_160' title='bbox 964 2881 1075 2976; x_wconf 87' lang='lat' dir='ltr'>Epioe</span> <span class='ocrx_word' id='word_1_161' title='bbox 1091 2881 1215 2954; x_wconf 88' lang='lat' dir='ltr'>Poesis</span> <span class='ocrx_word' id='word_1_162' title='bbox 1234 2907 1318 2979; x_wconf 88' lang='lat' dir='ltr'>quae</span> 
     </span>
     <span class='ocr_line' id='line_1_24' title="bbox 262 2987 1312 3100; baseline -0.006 -24"><span class='ocrx_word' id='word_1_163' title='bbox 262 2987 467 3100; x_wconf 77' lang='lat' dir='ltr'>grandiores</span> <span class='ocrx_word' id='word_1_164' title='bbox 484 3005 681 3096; x_wconf 87' lang='lat' dir='ltr'>conceptus</span> <span class='ocrx_word' id='word_1_165' title='bbox 694 3003 732 3071; x_wconf 90' lang='lat' dir='ltr'>et</span> <span class='ocrx_word' id='word_1_166' title='bbox 748 3007 886 3070; x_wconf 65' lang='lat' dir='ltr'>naturae</span> <span class='ocrx_word' id='word_1_167' title='bbox 899 2997 1112 3092; x_wconf 89' lang='lat' dir='ltr'>dignitatem</span> <span class='ocrx_word' id='word_1_168' title='bbox 1129 2997 1288 3094; x_wconf 83' lang='lat' dir='ltr'>exquirit</span> <span class='ocrx_word' id='word_1_169' title='bbox 1302 3029 1312 3084; x_wconf 91' lang='lat'>;</span> 
     </span>
     <span class='ocr_line' id='line_1_25' title="bbox 262 3113 1317 3216; baseline -0.008 -22"><span class='ocrx_word' id='word_1_170' title='bbox 262 3142 381 3216; x_wconf 90' lang='lat' dir='ltr'>neque</span> <span class='ocrx_word' id='word_1_171' title='bbox 406 3117 445 3189; x_wconf 94' lang='lat' dir='ltr'>in</span> <span class='ocrx_word' id='word_1_172' title='bbox 465 3115 509 3188; x_wconf 91' lang='lat' dir='ltr'>iis</span> <span class='ocrx_word' id='word_1_173' title='bbox 529 3115 695 3188; x_wconf 88' lang='lat' dir='ltr'>consistit</span> <span class='ocrx_word' id='word_1_174' title='bbox 724 3139 805 3211; x_wconf 86' lang='lat' dir='ltr'>quae</span> <span class='ocrx_word' id='word_1_175' title='bbox 825 3115 935 3188; x_wconf 89' lang='lat' dir='ltr'>unius</span> <span class='ocrx_word' id='word_1_176' title='bbox 960 3113 1030 3186; x_wconf 92' lang='lat' dir='ltr'>loci</span> <span class='ocrx_word' id='word_1_177' title='bbox 1052 3118 1139 3186; x_wconf 89' lang='lat' dir='ltr'>sunt</span> <span class='ocrx_word' id='word_1_178' title='bbox 1164 3118 1202 3186; x_wconf 91' lang='lat' dir='ltr'>et</span> <span class='ocrx_word' id='word_1_179' title='bbox 1224 3119 1317 3186; x_wconf 90' lang='lat' dir='ltr'>tem·</span> 
     </span>
     <span class='ocr_line' id='line_1_26' title="bbox 262 3215 1318 3334; baseline -0.007 -25"><span class='ocrx_word' id='word_1_180' title='bbox 262 3235 385 3334; x_wconf 91' lang='lat' dir='ltr'>poris;</span> <span class='ocrx_word' id='word_1_181' title='bbox 402 3239 498 3305; x_wconf 88' lang='lat' dir='ltr'>recte</span> <span class='ocrx_word' id='word_1_182' title='bbox 515 3230 661 3327; x_wconf 92' lang='lat' dir='ltr'>quidem</span> <span class='ocrx_word' id='word_1_183' title='bbox 678 3230 716 3302; x_wconf 93' lang='lat' dir='ltr'>in</span> <span class='ocrx_word' id='word_1_184' title='bbox 734 3231 791 3304; x_wconf 92' lang='lat' dir='ltr'>his</span> <span class='ocrx_word' id='word_1_185' title='bbox 802 3215 996 3304; x_wconf 81' lang='lat' dir='ltr'>Comoedia</span> <span class='ocrx_word' id='word_1_186' title='bbox 1012 3255 1051 3304; x_wconf 91' lang='lat' dir='ltr'>se</span> <span class='ocrx_word' id='word_1_187' title='bbox 1068 3239 1223 3316; x_wconf 87' lang='lat' dir='ltr'>exercet,</span> <span class='ocrx_word' id='word_1_188' title='bbox 1236 3255 1318 3327; x_wconf 86' lang='lat' dir='ltr'>quae</span> 
     </span>
     <span class='ocr_line' id='line_1_27' title="bbox 266 3346 1318 3426; baseline -0.009 -1"><span class='ocrx_word' id='word_1_189' title='bbox 266 3352 425 3426; x_wconf 89' lang='lat' dir='ltr'>minores</span> <span class='ocrx_word' id='word_1_190' title='bbox 448 3372 571 3420; x_wconf 90' lang='lat' dir='ltr'>rerum</span> <span class='ocrx_word' id='word_1_191' title='bbox 588 3346 807 3420; x_wconf 82' lang='lat' dir='ltr'>differentias</span> <span class='ocrx_word' id='word_1_192' title='bbox 828 3354 865 3420; x_wconf 91' lang='lat' dir='ltr'>et</span> <span class='ocrx_word' id='word_1_193' title='bbox 888 3347 1067 3420; x_wconf 87' lang='lat' dir='ltr'>infinitam</span> <span class='ocrx_word' id='word_1_194' title='bbox 1084 3347 1156 3420; x_wconf 82' lang='lat' dir='ltr'>sere</span> <span class='ocrx_word' id='word_1_195' title='bbox 1174 3369 1318 3418; x_wconf 86' lang='lat' dir='ltr'>morum</span> 
     </span>
     <span class='ocr_line' id='line_1_28' title="bbox 262 3460 1317 3559; baseline -0.005 -20"><span class='ocrx_word' id='word_1_196' title='bbox 262 3467 477 3539; x_wconf 86' lang='lat' dir='ltr'>varietatem</span> <span class='ocrx_word' id='word_1_197' title='bbox 491 3470 662 3550; x_wconf 90' lang='lat' dir='ltr'>sectatur,</span> <span class='ocrx_word' id='word_1_198' title='bbox 681 3487 799 3559; x_wconf 92' lang='lat' dir='ltr'>neque</span> <span class='ocrx_word' id='word_1_199' title='bbox 816 3464 906 3536; x_wconf 90' lang='lat' dir='ltr'>adeo</span> <span class='ocrx_word' id='word_1_200' title='bbox 922 3464 962 3535; x_wconf 92' lang='lat' dir='ltr'>in</span> <span class='ocrx_word' id='word_1_201' title='bbox 979 3463 1078 3536; x_wconf 91' lang='lat' dir='ltr'>hisce</span> <span class='ocrx_word' id='word_1_202' title='bbox 1096 3460 1317 3535; x_wconf 88' lang='lat' dir='ltr'>diverticulis</span> 
     </span>
     <span class='ocr_line' id='line_1_29' title="bbox 262 3579 1316 3674; baseline -0.007 -16"><span class='ocrx_word' id='word_1_203' title='bbox 262 3607 341 3658; x_wconf 88' lang='lat' dir='ltr'>sese</span> <span class='ocrx_word' id='word_1_204' title='bbox 362 3582 544 3657; x_wconf 87' lang='lat' dir='ltr'>oblectare</span> <span class='ocrx_word' id='word_1_205' title='bbox 561 3579 786 3674; x_wconf 90' lang='lat' dir='ltr'>dedignatur,</span> <span class='ocrx_word' id='word_1_206' title='bbox 805 3585 843 3652; x_wconf 91' lang='lat' dir='ltr'>et</span> <span class='ocrx_word' id='word_1_207' title='bbox 868 3579 1099 3652; x_wconf 91' lang='lat' dir='ltr'>humiliorem</span> <span class='ocrx_word' id='word_1_208' title='bbox 1123 3601 1316 3674; x_wconf 86' lang='lat' dir='ltr'>personam</span> 
     </span>
     <span class='ocr_line' id='line_1_30' title="bbox 262 3694 1316 3799; baseline -0.009 -24"><span class='ocrx_word' id='word_1_209' title='bbox 262 3723 395 3799; x_wconf 88' lang='lat' dir='ltr'>gerere.</span> <span class='ocrx_word' id='word_1_210' title='bbox 448 3697 545 3771; x_wconf 90' lang='lat' dir='ltr'>Cum</span> <span class='ocrx_word' id='word_1_211' title='bbox 572 3706 695 3770; x_wconf 90' lang='lat' dir='ltr'>autem</span> <span class='ocrx_word' id='word_1_212' title='bbox 721 3720 842 3769; x_wconf 92' lang='lat' dir='ltr'>rerum</span> <span class='ocrx_word' id='word_1_213' title='bbox 869 3702 907 3769; x_wconf 91' lang='lat' dir='ltr'>et</span> <span class='ocrx_word' id='word_1_214' title='bbox 935 3695 1125 3769; x_wconf 91' lang='lat' dir='ltr'>homiuum</span> <span class='ocrx_word' id='word_1_215' title='bbox 1153 3694 1316 3789; x_wconf 87' lang='lat' dir='ltr'>singula·</span> 
     </span>
     <span class='ocr_line' id='line_1_31' title="bbox 260 3809 1317 3909; baseline -0.01 -16"><span class='ocrx_word' id='word_1_216' title='bbox 260 3821 357 3892; x_wconf 90' lang='lat' dir='ltr'>rium</span> <span class='ocrx_word' id='word_1_217' title='bbox 384 3821 590 3890; x_wconf 84' lang='lat' dir='ltr'>accuratam</span> <span class='ocrx_word' id='word_1_218' title='bbox 619 3811 899 3909; x_wconf 86' lang='lat' dir='ltr'>descriptionem</span> <span class='ocrx_word' id='word_1_219' title='bbox 925 3817 1113 3885; x_wconf 88' lang='lat' dir='ltr'>aversatur</span> <span class='ocrx_word' id='word_1_220' title='bbox 1139 3809 1214 3883; x_wconf 87' lang='lat' dir='ltr'>fere</span> <span class='ocrx_word' id='word_1_221' title='bbox 1242 3809 1317 3882; x_wconf 91' lang='lat' dir='ltr'>He-</span> 
     </span>
     <span class='ocr_line' id='line_1_32' title="bbox 262 3927 1316 4020; baseline -0.01 -12"><span class='ocrx_word' id='word_1_222' title='bbox 262 3935 358 4009; x_wconf 85' lang='lat' dir='ltr'>roiea</span> <span class='ocrx_word' id='word_1_223' title='bbox 375 3933 509 4020; x_wconf 88' lang='lat' dir='ltr'>Poesis,</span> <span class='ocrx_word' id='word_1_224' title='bbox 528 3937 566 4005; x_wconf 90' lang='lat' dir='ltr'>et</span> <span class='ocrx_word' id='word_1_225' title='bbox 591 3930 638 4002; x_wconf 89' lang='lat' dir='ltr'>ed</span> <span class='ocrx_word' id='word_1_226' title='bbox 654 3954 733 4002; x_wconf 90' lang='lat' dir='ltr'>eam</span> <span class='ocrx_word' id='word_1_227' title='bbox 761 3929 939 4002; x_wconf 87' lang='lat' dir='ltr'>scribendi</span> <span class='ocrx_word' id='word_1_228' title='bbox 965 3927 1143 4002; x_wconf 89' lang='lat' dir='ltr'>rationem</span> <span class='ocrx_word' id='word_1_229' title='bbox 1166 3949 1205 3999; x_wconf 89' lang='lat' dir='ltr'>se</span> <span class='ocrx_word' id='word_1_230' title='bbox 1231 3949 1316 3998; x_wconf 87' lang='lat' dir='ltr'>con·</span> 
     </span>
    </p>
   </div>
   <div class='ocr_carea' id='block_1_3' title="bbox 262 4041 1317 4264">
    <p class='ocr_par' dir='ltr' id='par_1_3' title="bbox 262 4041 1317 4264">
     <span class='ocr_line' id='line_1_33' title="bbox 262 4041 1316 4144; baseline -0.008 -22"><span class='ocrx_word' id='word_1_231' title='bbox 262 4049 332 4122; x_wconf 81' lang='lat' dir='ltr'>fert</span> <span class='ocrx_word' id='word_1_232' title='bbox 362 4075 443 4144; x_wconf 88' lang='lat' dir='ltr'>quae</span> <span class='ocrx_word' id='word_1_233' title='bbox 471 4047 585 4143; x_wconf 86' lang='lat' dir='ltr'>magis</span> <span class='ocrx_word' id='word_1_234' title='bbox 616 4045 835 4120; x_wconf 91' lang='lat' dir='ltr'>Universalis</span> <span class='ocrx_word' id='word_1_235' title='bbox 865 4045 913 4118; x_wconf 92' lang='lat' dir='ltr'>sit</span> <span class='ocrx_word' id='word_1_236' title='bbox 942 4051 981 4118; x_wconf 88' lang='lat' dir='ltr'>et</span> <span class='ocrx_word' id='word_1_237' title='bbox 1011 4044 1125 4139; x_wconf 89' lang='lat' dir='ltr'>magis</span> <span class='ocrx_word' id='word_1_238' title='bbox 1153 4041 1316 4115; x_wconf 86' lang='lat' dir='ltr'>Philoso-</span> 
     </span>
     <span class='ocr_line' id='line_1_34' title="bbox 263 4162 1317 4264; baseline -0.007 -26"><span class='ocrx_word' id='word_1_239' title='bbox 263 4165 406 4264; x_wconf 88' lang='lat' dir='ltr'>phica¹,</span> <span class='ocrx_word' id='word_1_240' title='bbox 425 4165 471 4237; x_wconf 86' lang='lat' dir='ltr'>ad</span> <span class='ocrx_word' id='word_1_241' title='bbox 487 4165 601 4260; x_wconf 89' lang='lat' dir='ltr'>ipsam</span> <span class='ocrx_word' id='word_1_242' title='bbox 620 4168 788 4236; x_wconf 88' lang='lat' dir='ltr'>naturam</span> <span class='ocrx_word' id='word_1_243' title='bbox 807 4162 993 4256; x_wconf 87' lang='lat' dir='ltr'>confugiet</span> <span class='ocrx_word' id='word_1_244' title='bbox 1010 4183 1157 4234; x_wconf 90' lang='lat' dir='ltr'>necesse</span> <span class='ocrx_word' id='word_1_245' title='bbox 1174 4165 1252 4245; x_wconf 90' lang='lat' dir='ltr'>est;</span> <span class='ocrx_word' id='word_1_246' title='bbox 1279 4164 1317 4231; x_wconf 91' lang='lat' dir='ltr'>et</span> 
     </span>
    </p>
   </div>
   <div class='ocr_carea' id='block_1_4' title="bbox 531 4298 1021 4360">
    <p class='ocr_par' dir='ltr' id='par_1_4' title="bbox 531 4298 1021 4360">
     <span class='ocr_line' id='line_1_35' title="bbox 531 4298 1021 4360; baseline -0.01 0"><span class='ocrx_word' id='word_1_247' title='bbox 531 4309 545 4340; x_wconf 82' lang='lat'>¹</span> <span class='ocrx_word' id='word_1_248' title='bbox 557 4298 635 4360; x_wconf 84' lang='lat' dir='ltr'>Vide</span> <span class='ocrx_word' id='word_1_249' title='bbox 649 4299 864 4360; x_wconf 78' lang='lat' dir='ltr'>Proeleceionem</span> <span class='ocrx_word' id='word_1_250' title='bbox 882 4299 1021 4358; x_wconf 75' lang='lat' dir='ltr'>Primam.</span> 
     </span>
    </p>
   </div>
   <div class='ocr_carea' id='block_1_5' title="bbox 0 0 1552 4898">
    <p class='ocr_par' dir='ltr' id='par_1_5' title="bbox 0 0 1552 4898">
     <span class='ocr_line' id='line_1_36' title="bbox 0 0 1552 4898; baseline 0 2"><span class='ocrx_word' id='word_1_251' title='bbox 0 0 1552 4898; x_wconf 95' lang='lat' dir='ltr'> </span> 
     </span>
    </p>
   </div>
  </div>
 </body>
</html>
