3058 4902
260 1001 611 1097 PRAELEOTIO
654 1005 1155 1106 DECIMA-oasam

589 1229 839 1242 Q

180 1379 417 1523 FABUIAE
453 1381 573 1479 Epicae
606 1386 774 1481 proximo
808 1388 846 1460 in
882 1388 962 1462 loco
995 1405 1233 1489 apponuntur

254 1496 389 1586 MONS,
407 1500 541 1594 l'HOor
566 1520 700 1588 vocant
727 1514 876 1612 Graeci)
894 1521 1051 1594 secunda
1076 1522 1231 1599 Poeseos

178 1651 274 1722 pars,
292 1627 331 1700 in
357 1655 428 1726 qua
453 1630 670 1726 explicanda
690 1655 767 1704 rem
793 1633 942 1706 minime
959 1638 1143 1732 vulgarem
1169 1664 1231 1714 ne·

180 1772 250 1842 que
267 1750 389 1845 exigui
404 1751 537 1824 laboris
557 1751 595 1823 in
613 1774 673 1824 me
691 1752 863 1848 suscipio,
882 1778 953 1827 usu
971 1753 1115 1851 quidem
1133 1755 1231 1828 illam

179 1861 348 1936 omnibus
359 1865 598 1952 notissimam,
612 1863 772 1938 Scientia
784 1873 905 1942 autem
919 1867 1040 1941 minus
1052 1876 1229 1966 apertam.

178 1975 320 2064 Paucis,
332 1985 370 2053 et
386 1981 501 2076 magis
518 1981 629 2053 etiam
646 2005 759 2077 quam
775 1983 869 2056 solet
885 1985 1110 2073 summatim,
1127 1986 1171 2059 dc
1188 2011 1232 2062 ea

176 2095 322 2168 locutus
347 2103 404 2170 cst
419 2096 646 2185 Aristoteles,
667 2100 798 2173 barum
816 2123 937 2202 rerum
962 2101 1098 2174 arbiter
1121 2109 1231 2200 atquc

177 2211 340 2300 antistes
364 2213 416 2286 ita
441 2223 563 2287 tamen
591 2223 634 2288 ut
661 2238 727 2312 pro
753 2239 855 2289 more
881 2240 948 2289 suo
977 2218 1112 2292 medias
1138 2218 1232 2293 inter

175 2330 341 2403 tenebras
366 2330 444 2404 aliis
462 2332 565 2428 quasi
590 2331 705 2404 facem
723 2333 899 2428 praeferat.
952 2333 1083 2407 Caeteri
1109 2360 1230 2410 recen·

175 2445 298 2534 tiores,
327 2455 506 2545 quantum
536 2447 621 2534 scio,
650 2447 801 2521 Morum
831 2449 1020 2522 scientiam
1050 2457 1231 2546 quatenus

175 2563 227 2634 rei
250 2563 408 2637 Poeticae
432 2565 689 2662 subjiciuntur,
708 2565 884 2638 intactam
910 2564 985 2636 fere
1009 2563 1232 2662 reliquerunt

175 2679 235 2750 vel
252 2704 334 2753 eam
351 2679 472 2752 minus
489 2680 645 2754 assecuti
668 2686 765 2753 sunt.
817 2679 935 2753 Nobis
952 2681 1073 2777 itaque
1091 2680 1135 2753 de
1152 2685 1231 2755 tota

175 2820 215 2869 re
239 2794 277 2867 in
302 2821 433 2892 genere
459 2796 602 2894 plenius
628 2788 877 2870 disserendum
902 2802 970 2884 est,
996 2821 1069 2894 quo
1093 2795 1229 2870 rectius

174 2909 412 2986 Homericam
436 2937 481 2986 ex
508 2913 576 2986 hac
596 2922 699 3009 parte
724 2912 976 2986 excellentiam
994 2914 1227 3010 explicemus,

173 3053 291 3125 neque
317 3029 417 3125 piget
441 3029 479 3102 in
504 3029 573 3102 hac
599 3029 818 3103 sublimioris
835 3028 991 3103 Poescos
1013 3053 1097 3103 vera
1122 3029 1229 3104 leude

174 3151 212 3218 et
227 3145 322 3218 inter
338 3153 465 3243 poetas
482 3145 636 3219 Homeri
653 3171 802 3242 operam
820 3171 963 3242 ponere.

224 3261 309 3335 Jam
335 3287 420 3336 vero
446 3262 548 3336 facile
574 3286 698 3335 omnes
724 3262 849 3335 vident
874 3261 978 3336 istius
1004 3263 1117 3359 partis
1143 3287 1228 3336 cum

175 3379 297 3452 sabula
320 3378 518 3476 legitimam
538 3403 617 3454 csse
639 3389 676 3452 et
699 3402 823 3452 veram
848 3378 1112 3474 cognationem.
1164 3378 1229 3451 Et·

175 3495 273 3569 enim
300 3495 468 3571 Moribus
501 3495 724 3570 illustrandis
754 3506 791 3569 et
831 3494 1053 3569 declarandis
1080 3493 1229 3568 inservit

174 3615 323 3702 Fabula,
342 3621 452 3712 atque
469 3639 550 3687 eam
568 3640 653 3688 cum
670 3613 740 3687 illis
762 3612 972 3687 societatem
989 3611 1057 3684 init
1073 3621 1115 3684 ut
1131 3611 1227 3707 cogi·

174 3733 313 3805 tatione
338 3731 417 3830 ipsa
434 3755 525 3827 aegre
543 3755 581 3804 se
599 3731 720 3804 divelli
744 3731 924 3826 patiatur:
952 3727 991 3800 in
1017 3729 1094 3801 baec
1111 3727 1229 3824 spatia

175 3850 279 3944 quasi
296 3873 406 3922 mauu
432 3873 499 3922 nos
517 3846 674 3920 deducit.
722 3846 846 3919 Sicubi
863 3843 1009 3940 Trojani
1029 3843 1112 3916 belli
1130 3867 1227 3917 men-

173 3965 228 4038 tio
245 3966 341 4038 sacta
358 3965 479 4052 fuerit,
498 3964 797 4059 Agamemnonio,
815 3961 982 4047 Achillis,
1003 3959 1174 4033 Hectoris
1191 3966 1229 4034 et

175 4083 329 4155 aliorum
358 4105 521 4178 personae
550 4105 625 4155 una
651 4081 757 4154 nobis
783 4080 1031 4153 obversantur.
1084 4076 1139 4150 De
1166 4101 1227 4150 eo-

174 4224 257 4273 rum
282 4199 441 4273 moribus
472 4205 510 4273 et
536 4199 662 4295 patriae
688 4198 843 4272 fortunis
867 4195 974 4268 unica
997 4196 1040 4269 fit
1063 4195 1226 4292 quaestio.
1261 4217 1269 4228 ·

174 4317 296 4391 Sicubi
323 4315 550 4390 Athenarum
580 4315 728 4390 historia
755 4314 959 4410 indaganda
983 4313 1101 4400 fuerit,
1130 4312 1226 4386 Peri-
