3094 4898
267 290 330 352 122
595 309 810 360 rnmrncrro
830 311 1000 359 sermm.

265 451 379 524 Poeta
394 451 433 523 in
450 450 512 524 illu
530 449 699 524 Sirenum
722 450 904 522 cantilena
923 472 967 522 ea
993 451 1217 547 congessisse
1242 477 1323 548 qnae

264 568 321 641 sni
355 567 528 664 temporis
557 567 672 640 Vates
706 568 752 640 sd
786 567 967 640 citharam
996 569 1163 643 solebant
1193 571 1324 643 deonn-

263 679 366 756 tareb
378 713 440 754 :-

414 849 505 921 Ἷδμεν
516 851 568 923 γάρ
580 872 621 905 τοι
634 848 711 906 ταῦθ’
726 849 769 906 ὄπ’
784 852 820 906 t’vi
834 853 912 924 Τροίῃ
926 853 1011 924 εὐρείῃ

422 947 537 1018 Ἀργεῖοι
548 946 634 1018 Τρῶές
646 968 675 1000 τε
688 945 754 1000 θεόν
766 946 847 1016 ἶότητι
859 952 987 1020 μόγησαν·

417 1040 506 1112 Ἰδμεν
519 1041 541 1096 δ’
555 1042 628 1097 ὅσσα
639 1041 744 1114 γίνηται
757 1043 799 1098 ἐπὶ
812 1042 893 1114 φθονὶ
906 1044 1110 1116 πουλυβοτείρῃ·

266 1183 364 1278 quod
381 1182 412 1256 si
428 1206 557 1255 verum
570 1181 618 1254 sit
630 1183 750 1254 omnis
763 1183 841 1277 jam
858 1182 1009 1256 scientia
1025 1188 1063 1256 et
1079 1207 1123 1256 ea
1141 1185 1322 1280 praecipue

267 1322 348 1394 quae
365 1297 512 1396 politico
527 1300 682 1370 vocatur
697 1296 803 1369 Poesi
824 1297 1095 1393 subjiciebatur.
1142 1299 1218 1372 Nec
1234 1323 1322 1371 vero

266 1415 418 1488 obscure
439 1413 602 1510 loquitur
621 1413 733 1487 Poeta
762 1413 807 1486 de
834 1415 1056 1508 studioque
1083 1439 1218 1489 novam
1243 1439 1322 1488 cur-

266 1529 374 1602 minis
391 1528 579 1602 materiem
595 1529 756 1625 plerique
773 1530 1025 1602 sectabantur⁰
1038 1560 1101 1601 :—

268 1930 358 2029 quin
381 1935 420 2004 et
441 1931 623 2003 memoriae
646 1929 831 2027 proditum
850 1938 918 2019 est,
936 1933 996 2005 vel
1018 1941 1103 2006 ante
1120 1933 1324 2006 Homerum

268 2048 398 2121 Poetus
428 2047 523 2119 inber
549 2071 589 2120 se
618 2053 844 2121 concertasse
878 2055 916 2120 et
944 2046 1092 2146 praemia
1122 2050 1323 2123 victoribus

269 2163 388 2236 delato
402 2162 514 2234 fuisse
523 2159 548 2234 ἀ.

316 2276 410 2350 Haec
426 2276 538 2373 igitur
554 2302 597 2350 ex
619 2278 701 2375 ipso
722 2279 894 2375 pleraque
910 2279 1085 2366 Homero,
1104 2279 1324 2378 quibuscum

266 2400 391 2467 tamen
417 2391 633 2468 Aristoteles
662 2393 855 2481 consentit,
887 2395 950 2492 qni
979 2396 1032 2468 rei
1058 2395 1223 2470 Poetices
1253 2396 1323 2468 ori·

268 2511 390 2608 ginem
419 2509 547 2582 eodem
576 2535 649 2606 qno
679 2517 811 2584 cetera
840 2510 952 2583 animi
981 2511 1149 2584 acumine
1182 2514 1324 2608 perlus-

269 2626 389 2701 travit.
443 2624 516 2698 Sed
532 2625 658 2723 paucis
678 2632 722 2699 ut
742 2629 834 2700 solet
851 2627 1068 2701 sententiam
1089 2651 1191 2700 snam
1209 2651 1324 2723 expo·

270 2753 344 2827 suit
353 2761 376 2825 ⁰.
416 2743 660 2847 Ἐγέννησαν,
676 2753 805 2851 inquit,
821 2743 888 2826 τὸν
900 2747 1056 2847 ποίησιν
1070 2748 1110 2826 ἐκ
1124 2751 1198 2826 τῶν
1211 2747 1322 2826 αὐτο·

269 2869 571 2976 σχεδιασμάτων,
600 2883 770 2956 nimirum
798 2907 845 2956 ex
874 2883 1069 2980 incomptis
1102 2884 1324 2957 carminibus

268 2995 399 3094 quibus
416 2995 514 3069 Deos
532 2998 735 3093 placebant,
754 3008 792 3072 et
815 3023 894 3073 sese
920 3007 1005 3095 post
1021 3009 1166 3072 exactos
1182 3000 1324 3072 labores

268 3112 507 3186 oblectabant.
556 3112 647 3186 Mox
665 3114 817 3187 eandem
833 3138 908 3188 rem
924 3116 1078 3188 ulterius
1095 3119 1321 3210 prosecutus,

221 3267 227 3278 ·
269 3226 484 3328 διεσπάσθη
504 3228 544 3309 δὲ
564 3230 658 3311 κατὰ
681 3232 729 3313 τὰ
753 3239 868 3313 οἰκεῖα
890 3233 962 3333 ἤθη
984 3235 1007 3333 ἡ
1026 3235 1191 3333 ποίησις,
1209 3250 1253 3314 ut
1277 3265 1323 3314 ex

267 3357 336 3428 hac
355 3359 458 3452 purte
474 3353 513 3426 in
530 3355 628 3430 seriis
645 3359 752 3431 rebus
770 3367 807 3431 et
823 3358 1047 3454 gravioribus
1064 3359 1228 3455 personis
1245 3381 1325 3430 sese

267 3476 460 3555 exerceret,
470 3495 515 3543 ex
532 3472 645 3545 altera
656 3474 696 3546 in
709 3474 872 3547 convicia
890 3480 928 3546 et
942 3498 1018 3548 rem
1030 3473 1207 3546 ludicrum
1223 3478 1324 3544 tran·

267 3587 367 3676 siret,
385 3587 578 3661 eratenim
599 3588 695 3662 inter
711 3591 837 3686 epulas
856 3590 950 3685 jocis
973 3594 1011 3662 et
1030 3587 1183 3661 lieentiae
1206 3589 1321 3660 locus.

267 3706 323 3778 Ex
339 3705 502 3778 Deorum
518 3702 643 3801 itaque
659 3704 818 3801 Hymnis
835 3705 1088 3801 profluxerunt
1106 3725 1322 3799 magnorum

267 3822 428 3894 virorum
457 3820 595 3907 laudes,
625 3844 671 3893 ex
704 3820 818 3917 magis
846 3809 1025 3917 nequenti
1058 3820 1157 3915 opud
1190 3820 1322 3913 vulgus

267 3960 418 4033 poeseos
438 3960 520 4022 usu,
543 3935 581 4007 in
605 3935 760 4011 Satirum
782 3944 820 4010 et
837 3934 1063 4010 Comoediam
1085 3935 1232 4031 delapsa
1251 3939 1319 4006 est.

307 4116 320 4148 ι’
343 4116 397 4176 Od.
414 4129 451 4175 Μ.
468 4126 524 4189 189·
812 4121 941 4178 Pansam.
957 4119 1085 4188 Phocis,
1102 4136 1128 4178 c.
1142 4113 1193 4176 vii.

308 4205 318 4227 ⁰
342 4195 397 4253 od.
411 4208 443 4254 Α.
458 4216 517 4266 ³5¹·
853 4208 863 4231 ²
883 4199 1009 4258 Aristot.
1024 4198 1123 4268 Post„
1138 4216 1163 4256 c.
1179 4195 1219 4256 iv.

309 4273 321 4306 ¹
340 4273 478 4333 Erutatlr.
493 4271 533 4332 od
544 4272 645 4351 Odyro.
662 4288 690 4334 Γ.
707 4285 770 4350 ²⁶1³
