3058 4908
265 275 329 342 192
570 281 788 332 amanum
816 279 1015 330 usnemun.

233 425 242 448 ¹
265 456 417 551 alicujus
443 455 528 538 stat,
554 433 835 544 παρακάθημαι,
858 449 966 543 juxta
995 443 1319 540 assideo-napa·

266 575 398 680 τρέχω,
419 608 527 658 eursu
543 591 717 680 praetereo
729 601 792 650 :-

582 736 619 803 Ti
633 731 666 805 ῥα
680 727 900 804 “melmin-¹·

267 884 357 958 Mox
379 884 564 958 remotiori
588 868 1042 974 εθῐιειι-παραμυθέομαι,
1067 878 1112 951 ud
1139 879 1235 951 latus
1258 879 1322 951 ali-

265 1002 370 1099 cujus
387 1002 497 1075 verba
513 999 640 1086 lacere,
660 1021 725 1070 seu
742 995 917 1069 consolari
931 1027 994 1068 :—

502 1186 541 1199 -
556 1157 640 1230 ἆγαθὴ
654 1157 682 1211 δὲ
696 1156 861 1226 παραίφασις
873 1155 946 1209 ἐστὶν
959 1149 1090 1226 enimv*-

269 1301 521 1411 Παράλληλοι
539 1315 711 1389 dicuntur
727 1321 834 1384 rectae
847 1310 949 1383 lineae
967 1336 1047 1406 quae
1060 1311 1211 1384 eandem
1227 1311 1325 1385 inter

267 1457 305 1506 se
323 1433 539 1530 positionem
558 1435 716 1516 servant,
735 1451 916 1524 nusquam
941 1439 1064 1501 autem
1087 1427 1322 1512 conveniunt,

267 1548 404 1622 Iterum
418 1581 479 1620 :—

462 1682 591 1772 -mipul
605 1699 632 1754 δὲ
646 1701 672 1752 oi
687 1696 805 1770 ἐτράπετ’
819 1697 897 1766 ἔγχος
905 1689 919 1748 ¹.

266 1836 395 1909 avertit
414 1859 452 1908 se
471 1835 587 1908 telum
604 1835 655 1906 ita
673 1843 714 1906 ut
731 1857 776 1904 ex
794 1832 905 1904 latere
922 1833 1207 1927 praetervehatur
1218 1863 1279 1906 :—

503 2011 546 2024 -
559 1981 745 2056 παρέπλαγξιν
759 1981 787 2037 δὲ
801 1985 881 2051 νόημα
888 1984 915 2036 ¹¹¹.

271 2131 430 2198 mentem
464 2148 487 2196 a
520 2129 618 2196 recta
649 2122 708 2196 via
741 2122 918 2194 declinare
948 2121 1170 2194 lecit-mox
1203 2149 1325 2218 παρα-

266 2250 429 2341 ennea,
455 2254 569 2327 oculis
594 2253 632 2324 in
656 2249 844 2348 obliquum
869 2252 1095 2325 transversis.
1149 2251 1192 2325 ln
1211 2251 1323 2326 Tem·
1359 2333 1367 2344 ,

266 2394 398 2467 porum
423 2371 631 2444 nominibus
649 2368 702 2440 vis
729 2368 839 2464 hujus
857 2365 1124 2464 Pi‘aepositionis
1150 2371 1324 2458 cernitur,

265 2487 526 2593 παρατάτικος,
555 2499 826 2597 Imperfectum,
846 2498 944 2593 quod
970 2495 1016 2568 ab
1041 2509 1195 2595 utruque
1220 2507 1326 2596 parte

267 2613 826 2720 protenditur-nopnxeipevos,
851 2621 1082 2696 Praeteritum
1107 2622 1324 2714 Perfectum,

268 2740 367 2837 quod
392 2742 437 2814 ab
455 2765 529 2813 una
548 2747 693 2814 tuntum
720 2739 948 2834 adjacet—et
971 2741 1011 2812 in
1027 2738 1133 2814 Modi
1149 2740 1327 2816 Infinitivi

234 2873 239 2884 '
270 2871 428 2960 nomine,
449 2859 727 2968 ἀπαρέρφατος,
747 2869 810 2966 qui
836 2869 936 2956 nihil,
957 2871 1013 2942 i.e.
1032 2871 1172 2944 nullum
1196 2875 1328 2968 agendi

271 3013 420 3062 sensum
450 2988 488 3060 in
519 3011 557 3059 se
573 2987 700 3059 'habet
728 2986 826 3082 quod
855 2985 967 3059 Verbi
996 2988 1119 3061 sensui
1151 3004 1326 3085 apponat.

271 3105 413 3178 Videtis
433 3128 542 3201 quam
562 3104 634 3177 late
656 3103 827 3206 pertingit
853 3127 982 3177 sensus
999 3103 1109 3178 initiis
1127 3108 1202 3179 suis
1219 3109 1329 3204 plane

272 3220 426 3317 simplex
445 3230 482 3292 et
505 3241 743 3313 unusquam
767 3219 922 3316 eleganti
947 3222 1111 3317 analogia
1135 3228 1191 3296 tot
1211 3225 1327 3298 diver-

196 3411 203 3428 ,
273 3363 331 3412 sas
357 3359 415 3410 res
442 3336 710 3433 complectitur.
763 3334 819 3406 Ex
845 3335 915 3410 hoc
940 3339 1064 3431 itaque
1088 3341 1256 3435 exemplo
1282 3342 1330 3414 de

274 3455 352 3528 aliis
378 3453 558 3551 judicium
587 3453 663 3539 fiat,
692 3459 729 3524 et
757 3453 787 3524 si
816 3453 894 3525 haee
919 3477 1005 3526 uera
1032 3456 1106 3527 siut
1134 3456 1203 3528 erit
1231 3465 1330 3530 certe

274 3571 408 3646 Graecis
433 3571 567 3643 horum
589 3569 848 3642 vocabulorum
873 3577 948 3642 tam
975 3571 1192 3678 simplicium
1218 3598 1330 3670 quam

275 3687 562 3784 compositorum
592 3709 736 3758 summa
763 3685 951 3781 elegantia.
1005 3685 1107 3774 Quin
1134 3698 1171 3761 et
1199 3689 1330 3765 iisdem

276 3803 530 3901 decompositis
548 3808 704 3876 utuntur
722 3801 850 3890 Gnaei,
865 3827 982 3899 neque
998 3803 1089 3876 illud
1105 3811 1241 3880 temere
1254 3839 1318 3879 :—

470 3983 511 3997 -
524 3951 566 4009 ἵνα
578 3955 613 4027 μὴ
628 3976 660 4009 σε
673 3953 925 4028 παρεκπροφύγῃσιν
937 3955 1018 4011 ἄεθλα
1026 3960 1048 4012 ¹².

315 4097 321 4130 ¹
340 4097 386 4155 11.
402 4109 433 4156 x.
454 4115 465 4152 1
472 4113 518 4174 57.
861 4107 884 4138 ¹¹²
907 4098 1011 4177 odyss.
1025 4111 1056 4157 τ.
1073 4100 1138 4174 346.

209 4203 220 4212 ·
315 4175 327 4207 ¹
347 4175 424 4234 lbid.
441 4191 471 4236 n.
487 4193 556 4250 79²·
861 4185 873 4210 ²
894 4178 939 4238 11.
954 4189 988 4237 Ψ.
1003 4196 1072 4253 314.

315 4252 324 4290 ¹
344 4253 387 4310 ll.
404 4269 438 4314 Ν.
453 4255 519 4330 605.
