3058 4908
305 315 372 376 244
564 323 776 372 enmrnorro
797 325 1103 386 onoma-omnm.

306 475 496 571 profluere,
521 481 559 546 et
584 475 630 547 ad
655 475 761 547 finem
790 485 962 573 tanquam
988 479 1035 551 ad
1064 476 1234 550 effectum
1260 502 1362 575 spec-

155 605 166 622 ⁰
306 601 382 664 tare
409 593 562 680 debent;
593 615 675 688 quae
701 594 846 690 quidem
873 619 940 690 pro
966 593 1085 692 operis
1112 595 1363 690 magnitudine

305 732 458 781 numero
484 708 683 795 differunt,
734 710 796 782 sed
837 735 962 784 eorum
1002 710 1209 806 congeriem
1256 719 1363 784 vocat

305 827 520 900 Aristoteles
555 827 732 912 Medium,
768 833 877 925 atque
907 828 958 902 ita
988 828 1126 930 definit,
1158 837 1202 901 ut
1232 835 1363 900 natura

243 1035 249 1042 ι
306 949 342 1015 et
367 941 406 1015 id
435 944 534 1040 quod
559 943 660 1040 prius
686 949 724 1016 et
749 945 786 1017 id
813 946 913 1041 quod
938 945 1117 1042 posterius
1142 946 1191 1018 sit
1216 943 1359 1017 habeat

307 1059 419 1144 Quod
453 1085 539 1133 vero
574 1061 684 1135 trium
725 1062 856 1135 horum
896 1065 1070 1136 alterutro
1108 1069 1228 1136 careat
1261 1085 1359 1134 com·

305 1177 409 1250 muni
425 1201 590 1251 sermone
607 1178 869 1274 imperfectum,
884 1179 1055 1252 mutilum
1073 1181 1131 1251 vel
1149 1178 1252 1251 hians
1271 1177 1361 1251 dici-

305 1317 399 1365 mus.
452 1293 577 1390 Atque
611 1294 678 1366 hac
712 1295 790 1388 lege
822 1297 1099 1392 obstringuntur
1125 1293 1247 1367 omnia
1277 1317 1360 1390 quae

305 1411 471 1483 animum
488 1412 671 1484 oblectant
694 1422 758 1484 aut
776 1411 958 1485 erudiunt.
1009 1411 1071 1485 Ita
1093 1409 1362 1484 ianeometria

306 1525 504 1621 figurarum
535 1533 572 1598 et
605 1528 899 1622 magnitudinum
929 1528 1100 1602 terminos
1130 1528 1361 1626 requirimus

306 1641 419 1714 Linea
435 1648 557 1716 autem
575 1644 654 1739 ipsa
670 1645 728 1717 vel
746 1645 861 1740 figura
878 1645 1040 1719 terminis
1059 1644 1155 1718 hisce
1173 1643 1292 1716 media
1308 1643 1361 1715 in·

306 1759 465 1831 tercedit.
520 1760 578 1832 lta
599 1761 637 1831 in
656 1761 817 1836 historiis
843 1762 1070 1858 perlegendis
1096 1785 1218 1834 rerum
1234 1784 1362 1833 causas

305 1876 536 1972 exploramus
554 1888 591 1949 et
617 1879 654 1950 in
673 1902 806 1973 magno
832 1878 954 1976 aliquo
980 1887 1113 1952 eventu
1130 1884 1307 1973 tanquam
1324 1876 1362 1948 in

305 1991 376 2064 fine
393 1991 541 2066 tandem
559 1994 803 2068 consistimus.
843 1996 900 2068 Ita
917 1995 955 2067 in
972 2019 1122 2092 corpore
1139 1991 1285 2066 animali
1302 2017 1363 2065 ex·

305 2118 504 2182 tremorum
518 2121 554 2183 et
565 2111 673 2184 medii
686 2111 842 2185 debitam
853 2112 947 2184 inter
960 2135 998 2185 se
1011 2110 1188 2184 rationem
1199 2117 1362 2182 contem·

305 2227 462 2323 plamur.
516 2226 652 2302 Eadem
678 2254 745 2303 sua
767 2238 898 2326 sponte
915 2232 973 2303 vel
996 2229 1040 2302 iis
1066 2226 1197 2300 similia
1219 2227 1258 2298 in
1275 2226 1364 2300 artis

306 2344 487 2440 operibus,
502 2345 540 2418 in
553 2345 709 2434 Pictura,
724 2346 762 2418 in
781 2345 987 2444 Sculptnra,
1003 2354 1040 2419 et
1057 2345 1094 2417 in
1108 2343 1366 2417 Architectura

306 2471 510 2558 aucupatur
527 2463 681 2552 animus
693 2471 731 2538 et
747 2463 818 2537 illis
834 2463 1019 2537 intuendis
1037 2463 1252 2537 oblectatur.
1289 2460 1364 2534 Ne

307 2597 378 2674 que
396 2604 481 2652 vero
500 2579 694 2654 Oratorem
718 2581 869 2654 ferimus
892 2581 954 2677 qui
978 2605 1053 2653 non
1076 2581 1174 2653 hunc
1199 2578 1366 2652 ordinem

307 2708 438 2783 servat,
464 2697 508 2770 de
534 2722 606 2795 qna
632 2723 671 2772 re
694 2697 798 2770 Plato
822 2697 884 2770 vix
907 2697 984 2770 aliis
1012 2721 1121 2795 quam
1147 2695 1366 2770 Aristoteles

306 2816 599 2899 verbis-’Atta
627 2816 670 2899 τὸ
703 2816 742 2897 δὲ
770 2852 814 2919 γε
835 2812 947 2918 ὀἶμαι
972 2853 1019 2898 σε
1051 2815 1167 2925 φάναι
1199 2815 1258 2908 ἅν,
1288 2815 1368 2896 δεῖν

306 2942 429 3026 πάντα
464 2945 583 3048 λόγον
618 2947 748 3051 ὥσπερ
786 2944 880 3049 ζῶον
916 2943 1145 3027 συνεστάναι
1181 2949 1295 3043 σῶμα
1330 2980 1368 3026 τι

308 3073 443 3177 ἔχοντα
471 3072 585 3154 αὐτὸν
612 3075 741 3155 αὐτοῦ·
776 3067 876 3155 ὥστε
909 3072 1004 3176 μήτε
1035 3068 1230 3180 ἀκέφαλον
1258 3067 1366 3172 εἶναι,

305 3200 398 3303 μήτε
424 3203 557 3300 ἄπουν,
585 3202 687 3282 ἀλλὰ
715 3198 817 3304 με’σά
850 3239 891 3283 τε
917 3205 1016 3308 ἔχειν
1044 3205 1104 3283 καὶ
1138 3202 1248 3306 ἄκρα,
1274 3193 1367 3306 πρὲ·

306 3365 426 3412 ποντα
457 3330 641 3433 ἀλλήλοις
668 3336 729 3412 καὶ
757 3335 812 3440 τῷ
843 3331 920 3439 ὅλῳ
949 3330 1190 3435 γεγραμμένα
1199 3334 1223 3412 ¹¹.
1276 3341 1368 3415 Non

302 3458 379 3554 jam
398 3457 477 3532 dico
495 3459 627 3556 quibus
653 3483 699 3531 ex
723 3457 909 3555 principiis
927 3458 998 3532 hoc
1024 3458 1284 3556 explicandum
1303 3459 1365 3546 sit,
1394 3503 1402 3512 -

306 3586 405 3648 certo
431 3582 555 3648 tamen
589 3584 626 3648 et
660 3599 706 3648 ex
737 3574 929 3672 multipiici
963 3576 1184 3672 experientia
1217 3581 1366 3650 constat

306 3717 424 3789 neque
449 3693 644 3789 quicquam
671 3693 806 3766 discere
831 3716 939 3788 posse
966 3698 1125 3764 mentem
1150 3692 1366 3780 humanam,

305 3833 423 3906 neque
451 3809 555 3883 istius
583 3809 832 3882 oblectationis
860 3835 941 3906 quae
972 3835 1017 3882 ex
1047 3809 1168 3883 anima
1195 3811 1366 3882 rationali

306 3927 485 4023 profluere
512 3928 657 4025 videtur·
682 3926 739 3999 vel
766 3926 958 4000 minimum
985 3951 1124 4023 capere,
1148 3925 1219 4000 nisi
1242 3935 1366 4023 partes

306 4043 414 4117 hasce
432 4043 526 4117 inter
543 4068 582 4116 se
600 4041 786 4117 devinctas
812 4049 851 4116 et
876 4043 944 4117 rite
961 4041 1153 4139 dispositas
1174 4049 1363 4139 agnoscat.

307 4159 404 4233 Illud
427 4159 500 4234 fere
526 4184 666 4258 semper
690 4159 766 4257 agit
792 4160 887 4233 inter
904 4159 1228 4256 contemplandum
1244 4169 1288 4233 ut
1304 4159 1364 4232 vel

512 4359 524 4381 ¹
544 4350 625 4408 Plat.
645 4349 776 4418 Pliada,
790 4367 820 4427 p.
837 4367 923 4424 ¹²33·
940 4349 1028 4409 Edit.
1045 4349 1155 4410 mint.
