3058 4902
431 356 649 406 ranacario
668 357 971 408 nrcmx-ocmr.
1176 345 1241 410 303

177 511 215 579 et
231 505 454 578 excellentia.
508 505 692 578 Caeterum
710 505 789 580 haec
807 507 958 580 Morum
976 508 1237 602 contemplatio

176 627 258 695 tum
276 622 433 694 maxime
452 621 598 717 prodest
613 623 679 695 ubi
697 647 783 696 cum
800 624 872 696 fine
893 647 973 712 suo,
993 624 1063 696 boc
1079 629 1136 696 est
1151 649 1237 697 cum

177 738 393 812 Actionibus
410 763 491 833 quae
509 762 555 810 ex
579 737 649 811 illis
667 738 899 835 proveniunt,
919 763 993 813 una
1010 740 1049 813 in
1067 764 1235 836 conspec-

177 867 254 930 tum
273 855 416 940 cadant,
433 856 497 928 ubi
522 879 650 929 eorum
667 855 885 948 commercia
907 867 944 931 et
967 881 1181 954 congressus
1198 858 1236 931 in

177 971 342 1065 regendis
370 977 407 1044 et
433 971 659 1045 moderandis
685 973 772 1045 vitoe
799 973 988 1046 eventibus
1012 997 1090 1046 sese
1113 979 1234 1047 osten-

176 1096 268 1161 tant.
323 1088 406 1162 Hoc
425 1090 573 1162 demum
599 1097 655 1162 est
671 1089 784 1162 vitam
802 1089 1000 1162 humanam
1017 1091 1232 1187 percellere:

175 1203 228 1277 ita
244 1227 312 1276 nos
325 1203 449 1278 Poesis
467 1205 643 1302 exemplis
661 1215 698 1279 et
710 1205 794 1278 viva
810 1229 930 1280 rerum
947 1205 1102 1302 imagine
1115 1207 1234 1280 erudit

176 1327 285 1416 atque
311 1320 482 1408 instituit,
501 1321 551 1395 ita
569 1320 812 1418 Philosophiae
838 1345 972 1394 nomen
998 1323 1066 1395 sibi
1088 1330 1235 1416 arrogat

175 1443 213 1510 et
230 1438 350 1510 lucem
367 1437 474 1510 etiam
493 1439 692 1525 clariorem,
711 1437 764 1510 ita
781 1449 923 1512 teneros
950 1445 987 1512 et
1003 1438 1232 1536 incorruptos

174 1553 314 1627 animos
340 1553 379 1625 in
396 1554 542 1630 virtutis
569 1556 711 1628 cultum
738 1564 774 1627 et
801 1579 959 1628 amorem
977 1554 1123 1652 effingit,
1143 1557 1232 1629 dum

175 1671 283 1742 docet
311 1693 354 1742 eo
383 1695 462 1766 quae
492 1670 645 1743 honeste
678 1679 783 1766 gesta
817 1671 901 1759 sint,
933 1673 991 1744 vel
1021 1672 1118 1769 quod
1148 1679 1230 1746 tan-

173 1784 328 1858 tundem
355 1793 413 1859 est
441 1811 568 1859 eorum
596 1787 880 1873 similitudinem,
905 1787 1030 1861 laetitia
1053 1787 1229 1884 excipere,

173 1926 216 1974 ea
232 1926 314 1997 quae
343 1926 453 1998 prave
481 1903 649 1990 aversari,
677 1909 787 2000 atque
815 1903 918 1991 adeo,
947 1903 1037 1976 illud
1065 1904 1164 2000 quod
1192 1903 1231 1978 in

172 2016 311 2090 Ethicis
338 2024 482 2091 tantum
504 2019 614 2106 valet,
632 2020 858 2115 voluptatem
885 2025 922 2092 et
947 2020 1108 2093 dolorem
1135 2031 1231 2094 recte

172 2170 318 2242 ponere,
347 2137 370 2236 ἡ
399 2134 473 2240 γὰρ
504 2131 597 2240 ὀρθὴ
624 2137 772 2218 παιδεία
799 2138 893 2240 αὕτη
923 2140 1065 2220 torta&
1124 2147 1230 2222 Hanc

172 2263 366 2358 imaginem
379 2259 476 2334 Vitae
494 2261 596 2334 nobis
614 2269 763 2357 praestat
779 2263 904 2360 Epicae
921 2288 1075 2360 poeseos
1093 2263 1230 2339 Fabula

171 2379 330 2475 legitime
348 2377 634 2466 conformatam3
662 2405 773 2477 quam
799 2381 1047 2455 excellentiam
1064 2378 1228 2473 Homero

171 2497 325 2570 authore
342 2519 422 2569 eam
440 2507 645 2570 assecutam
663 2521 741 2570 esse
761 2497 929 2570 credibile
947 2507 1014 2583 est,
1035 2503 1131 2570 certe
1148 2496 1229 2593 jam

172 2622 249 2685 tum
276 2614 382 2710 plene
405 2636 484 2686 eam
508 2622 675 2686 assecuta
701 2618 777 2686 est:
807 2637 880 2709 qua
908 2613 952 2685 de
975 2635 1085 2686 causa
1112 2611 1227 2687 fusius

172 2727 265 2800 banc
281 2753 358 2800 rem
375 2730 515 2816 evolvo,
535 2729 634 2826 quod
649 2728 687 2801 in
704 2729 767 2802 illo
790 2727 974 2801 immorari
996 2725 1087 2800 mihi
1103 2727 1228 2802 videor

170 2844 267 2940 quod
281 2843 402 2918 Poetae
419 2845 636 2942 palmarium
653 2851 729 2917 est:
757 2869 876 2941 neque
893 2869 979 2917 vero
996 2867 1056 2916 me
1073 2843 1228 2917 diffiteor

170 2985 255 3033 eum
281 2985 359 3034 esse
384 2961 591 3058 quiveram
617 2961 771 3034 Ethiccn
801 2960 966 3034 omnium
993 2960 1226 3033 scientiarum

170 3071 346 3173 Reginam
364 3101 441 3150 esse
459 3078 626 3150 arbitror.

221 3191 293 3265 Sed
320 3191 465 3265 Fabulae
491 3190 624 3288 primas
655 3197 775 3288 partas
798 3191 1016 3266 tribuimus:
1048 3215 1128 3288 quae
1152 3216 1226 3288 quo

169 3331 278 3380 seusu
302 3307 502 3380 tribuendae
522 3313 610 3379 sunt
634 3305 738 3381 facile
758 3308 836 3404 jam
857 3308 959 3382 dictu
977 3313 1044 3380 est.
1097 3307 1226 3403 Itaque

135 3505 141 3514 ¹
169 3422 344 3518 dignitate
369 3421 468 3519 prior
492 3431 547 3496 est
570 3423 708 3497 Fabula
732 3432 911 3521 quatenus
939 3422 1022 3496 finis
1049 3423 1225 3495 rationem

169 3539 278 3613 habet
290 3540 348 3612 vel
366 3541 494 3612 saltem
508 3540 553 3612 ad
566 3540 843 3636 exprimendum
856 3541 965 3613 finem
981 3539 1223 3635 componitur.

167 3654 312 3728 Etenim
337 3680 457 3729 mores
480 3663 518 3729 et
544 3657 693 3730 consilia
719 3657 910 3730 hominum
925 3679 983 3728 res
1001 3662 1038 3729 et
1064 3655 1224 3728 actiones

166 3777 342 3868 tanquam
359 3773 471 3844 finem
488 3797 595 3845 suum
613 3774 811 3869 respiciunt
828 3785 864 3847 et
883 3772 921 3846 in
938 3771 1008 3845 illis
1027 3769 1224 3845 terminan-

165 3892 239 3960 tur.
292 3887 518 3961 Felicitatem
543 3913 652 3985 porro
675 3900 849 3987 tanquam
875 3890 987 3961 finem
1011 3910 1224 3984 supremum

164 4026 290 4075 omnes
316 4005 477 4077 actiones
495 4013 627 4078 nostrae
648 4013 824 4102 spectant.
877 4003 974 4077 Vitae
1002 4014 1125 4076 autem
1143 4001 1222 4075 uni·

163 4143 276 4192 versae
309 4117 503 4216 imaginem
537 4121 641 4194 nobis
675 4120 846 4219 exprimit
879 4121 992 4216 Epica
1026 4117 1150 4192 Poesis
1185 4124 1223 4192 et

161 4279 367 4418 ὡὶθΑν-ἰῖίοι.
379 4282 487 4356 Polla,
503 4281 523 4340 l.
540 4281 599 4340 viii.
616 4301 641 4342 c.
659 4299 692 4358 5;
718 4283 790 4344 Eat.
804 4283 930 4351 Neam..
944 4279 965 4342 l.
981 4279 1013 4340 ii.
1029 4299 1052 4340 c.
1070 4299 1099 4355 3.
1139 4279 1221 4342 Plot.

251 4379 290 4436 q„
319 4380 370 4419 .2.
988 4413 993 4426 .
