3094 4898
469 287 473 294 '
575 307 788 358 rnAErnomo
806 308 931 356 surm.
1236 285 1279 348 93

224 455 322 553 opud
344 454 547 530 Homerum
573 455 754 530 Phoenicis
778 455 1013 553 opprobrium
1024 464 1046 532 ⁸.
1101 456 1198 530 Hinc
1219 482 1280 531 au·

224 582 301 648 tem
331 573 489 646 subortae
519 585 605 648 sunt
631 573 701 646 illae
729 575 827 670 apud
855 585 1028 671 utrosque
1056 576 1221 672 querelae,
1250 576 1281 648 si

223 693 317 766 forte
349 689 528 765 defuerint
557 690 633 779 filii,
666 691 729 788 qui
757 692 855 764 bono
882 697 1032 788 patema
1062 693 1279 790 exciperent.

224 809 313 884 Noli
341 812 467 886 timere
496 808 645 894 Abram,
675 805 804 905 inquit,
837 809 1065 896 “Dominus
1097 835 1164 907 ego
1197 837 1281 909 pro-

225 932 343 1001 tector
378 938 463 1001 tuus
506 949 601 1011 sum,
638 934 674 996 et
714 949 852 998 merces
890 931 955 998 tua
994 951 1127 1023 magna
1161 929 1279 1003 nimis.

225 1043 400 1142 Dixitque
427 1042 573 1127 Abram,
599 1039 757 1112 Domine
783 1040 896 1129 Deus,
921 1041 1008 1139 quid
1035 1043 1135 1117 dabis
1162 1043 1280 1118 mihi?

226 1159 306 1254 Ego
335 1159 465 1232 vadam
495 1159 631 1254 absque
662 1157 804 1243 liberis;
842 1165 878 1229 et
905 1171 1120 1254 procurator
1150 1160 1281 1233 domus

227 1300 316 1350 mese
326 1275 395 1348 iste
406 1276 606 1347 Damascus
617 1271 766 1346 Eliezer.
793 1273 1281 1371 AddiditqueAbrem,Mihi

227 1407 351 1466 autem
368 1417 443 1466 non
461 1390 590 1464 dedisti
616 1414 752 1478 semen,
772 1397 809 1462 et
835 1415 919 1464 ecce
935 1392 1151 1466 vernaculus
1177 1418 1280 1468 meus

227 1509 341 1582 baeres
373 1533 476 1582 meus
503 1508 572 1580 erit
582 1507 629 1580 ‘3’
683 1506 779 1581 Sunt
808 1516 844 1581 et
871 1508 941 1581 alia
967 1510 1144 1606 quaedam.
1198 1510 1282 1606 Ipse

228 1625 454 1698 Abrabamus
471 1633 507 1697 et
531 1648 620 1697 uxor
638 1623 715 1718 ejus
737 1625 862 1720 epulus
888 1625 1086 1711 instruunt,
1106 1649 1223 1722 neque
1239 1651 1282 1698 ee

228 1753 396 1815 recusant
414 1765 562 1835 munera
579 1765 659 1837 quae
677 1741 774 1836 opud
796 1727 1010 1814 recentiores
1036 1741 1169 1814 infimae
1196 1751 1282 1816 sunt

227 1858 380 1954 plebisu.
435 1857 500 1930 Ille
521 1856 631 1930 etiam
648 1857 761 1931 totius
780 1857 910 1931 domus
932 1859 1099 1953 planctus
1117 1864 1154 1932 et
1171 1859 1281 1954 ejula·

228 1975 282 2047 tio
299 1975 373 2048 buc
392 1971 515 2048 referri
532 1979 677 2070 potest*
689 2004 751 2046 :-

386 2116 437 2176 ‘sss
451 2120 534 2190 ἔφατο
548 2114 678 2180 κλοίονσ’,
693 2117 736 2172 ἐπὶ
749 2116 778 2171 δι’
792 2118 950 2188 στενάχοντο
962 2122 1079 2190 γυναῖκες
1087 2124 1111 2174 ¹.

166 2234 170 2240 ’
229 2274 275 2323 ex
292 2273 363 2346 qua
380 2245 642 2323 consuetudine
660 2245 835 2344 profluxit
850 2247 909 2320 ille
929 2246 1131 2344 Tragoediae
1150 2249 1282 2324 Graeoae

231 2365 420 2469 Kiuuor'·
474 2379 577 2451 Adeo
596 2401 742 2450 omnem
759 2384 997 2474 utrorumque
1013 2379 1127 2452 vitam
1144 2381 1282 2454 effinxit

230 2519 273 2568 eo
290 2519 432 2568 morum
453 2495 609 2590 gravitas
633 2503 670 2567 et
691 2493 893 2568 constantia
910 2521 992 2592 quae
1017 2521 1062 2568 ex
1080 2503 1211 2570 natura
1227 2499 1282 2570 in-

232 2621 403 2708 corrupto
420 2613 632 2709 deprompta
649 2622 716 2685 est.

281 2729 513 2803 Recentiores
540 2729 681 2803 Arabiae
707 2730 836 2803 incolae
862 2735 1029 2804 veterum
1056 2730 1282 2804 Patrioroba-

230 2872 314 2920 rum
344 2847 575 2920 severitatem
604 2845 764 2920 aemulati
794 2852 894 2933 sunt,
925 2871 1043 2943 neque
1072 2855 1207 2922 temere
1237 2849 1282 2921 ab

231 2988 357 3037 eorum
383 2963 545 3060 vestigiis
575 2965 654 3036 nusi
684 2972 771 3035 sunt
803 2962 1013 3052 deflectere;
1052 2965 1142 3038 adeo
1169 2971 1212 3038 ut
1242 2989 1283 3038 ex

232 3079 300 3154 bac
334 3086 438 3177 parte
472 3081 623 3153 eandem
658 3078 894 3176 quaestionem
929 3081 1081 3155 ulterius
1116 3083 1284 3180 prosequi

230 3195 365 3283 liceret,
385 3221 502 3293 neque
528 3221 573 3268 ex
599 3195 668 3268 alia
684 3196 838 3269 fortusse
864 3195 1000 3293 origine
1026 3208 1152 3271 exortu
1174 3207 1229 3272 est
1247 3209 1284 3272 et

231 3313 365 3386 sensim
382 3311 540 3386 adolevit
556 3312 625 3386 ista
641 3313 754 3385 animi
779 3313 930 3384 audacia
946 3338 1027 3409 quae
1044 3318 1101 3386 tot
1121 3314 1284 3410 regiones

231 3429 438 3525 occupavit,
468 3439 505 3502 et
531 3435 653 3502 totum
687 3428 760 3501 fere
789 3435 968 3502 terrarum
999 3430 1124 3503 orbem
1154 3430 1284 3503 victrix

230 3546 447 3643 peramavit.
499 3545 554 3617 Ea
577 3553 701 3618 autem
719 3565 945 3644 quaecunque
970 3546 1052 3633 fuit,
1066 3547 1285 3643 jampridem

232 3664 421 3760 consopito
438 3668 503 3736 est.
558 3661 764 3736 Hodiernus
788 3663 925 3735 interea
943 3663 1084 3735 Arabas
1110 3661 1184 3734 suis
1201 3661 1282 3733 fini-

231 3780 301 3853 bus
318 3786 356 3853 et
371 3780 447 3853 suis
471 3780 577 3854 bonis
600 3785 791 3853 contentos
815 3779 949 3875 partim
974 3777 1103 3850 inertia
1119 3777 1228 3849 babet
1248 3788 1285 3852 et
1398 3789 1405 3798 “

148 4046 151 4050 ,
273 3984 343 4045 Ἰῑ.
358 3998 379 4044 1.
393 3969 533 4060 455ss-489
545 4006 596 4043 :-
780 3979 892 4058 Vulg.;
918 3976 1060 4070 (loni-R.
1076 3993 1107 4039 Ε.
1127 3991 1183 4044 158.

299 4081 334 4130 Τὰ
351 4079 465 4146 φρονέων,
483 4083 549 4140 tuor
567 4081 618 4148 atq
635 4077 739 4141 orat-16·
782 4115 789 4128 .
819 4069 833 4098 ¹¹
852 4061 925 4118 Gen·
940 4078 1020 4116 mli·

330 4165 371 4196 νον
384 4147 519 4208 ἐξετέλειον
820 4137 923 4196 'ibid
940 4136 997 4198 xiv.
1013 4141 1041 4198 2.

300 4212 340 4273 ’Βῖ
352 4215 442 4274 φεῦ·
821 4227 833 4258 ¹
853 4218 899 4277 Il.
914 4230 946 4275 Ω.
963 4227 1020 4290 746.

185 4331 192 4342 ·
272 4301 371 4361 ‘Gen
403 4321 450 4362 xv.
482 4328 561 4376 ¹-³›
587 4321 624 4362 ex
650 4301 740 4362 Vers.
821 4295 917 4358 rvid.
931 4299 1029 4359 Arist.
1044 4299 1139 4370 Poet,
1153 4315 1177 4356 ο.
1195 4323 1233 4358 ιο.
