3096 4886
300 261 344 324 20
616 281 829 332 rennncrro
848 281 1022 332 snorum.

298 430 399 517 dum,
430 448 548 528 neque
581 431 704 504 omnin
736 428 890 525 superbe
924 430 992 503 sub
1019 429 1172 528 pedibus
1202 433 1349 510 concul-

298 547 447 620 candel.

347 661 473 747 Quaeri
490 671 613 737 autem
639 669 774 760 potest,
793 673 920 740 utrum
941 661 980 737 in
1002 664 1047 738 iis
1063 687 1253 738 versamur
1267 689 1349 760 quae

294 777 341 849 ad
366 779 452 852 belli
478 778 624 877 Trojani
652 786 817 878 tempora
845 780 1040 879 pertinent,
1072 803 1118 852 an
1152 780 1198 852 nd
1232 780 1348 878 ipsius

294 893 414 970 Poetae
441 903 595 972 oetatem.
648 897 825 974 Interesse
851 901 950 972 enim
976 899 1085 996 spatii
1110 897 1278 972 nonnihil
1302 923 1348 971 ex

293 1009 373 1107 ipso
403 1013 565 1088 Homero
592 1015 719 1104 discas,
756 1016 819 1113 qui
846 1017 987 1091 Troicis
1017 1015 1240 1112 temporibus
1270 1039 1349 1090 sese

293 1128 453 1203 studiose
476 1130 714 1206 immiscuisse
738 1134 884 1208 videtur
896 1165 906 1221 ;
933 1133 1129 1229 aliquando
1155 1143 1279 1206 autem
1302 1133 1349 1205 ad

292 1244 543 1322 illustrandam
569 1274 673 1323 sunm
695 1251 823 1347 poesin
847 1275 890 1324 ea
912 1249 1088 1336 adhibuit,
1108 1275 1189 1347 quae
1214 1251 1259 1324 ab
1275 1248 1348 1323 illis

291 1363 400 1458 plane
425 1366 630 1441 obhorrent.
683 1368 821 1465 Magna
845 1374 969 1442 nubem
992 1368 1038 1441 de
1060 1367 1215 1441 Homeri
1240 1373 1347 1441 aetate

293 1481 388 1554 inter
409 1490 576 1558 auctores
597 1485 860 1583 discrepantia:
890 1511 1008 1582 neque
1036 1485 1233 1583 quicquam
1256 1484 1347 1559 certi

292 1595 469 1672 nffemnt:
497 1610 624 1674 extant
649 1607 774 1674 tamen
798 1599 837 1674 in
857 1599 971 1697 ipsius
989 1600 1158 1696 operibus
1181 1600 1346 1697 quaedam

292 1734 364 1784 non
389 1714 543 1789 obseura
565 1713 774 1792 testimonie
797 1741 882 1790 eum
906 1722 1055 1790 centum
1071 1715 1214 1790 circiter
1230 1738 1347 1790 annos

291 1835 376 1926 post
399 1830 545 1928 Trojnm
569 1841 714 1931 captam
738 1831 915 1907 floruisse.
967 1832 1114 1907 Etenim
1137 1833 1182 1905 de
1207 1833 1346 1907 artibus

291 1946 509 2045 quibusdem
541 1952 703 2049 loquitur
739 1959 914 2048 tanquam
952 1972 1085 2045 magno
1120 1947 1346 2022 incremento

291 2066 407 2140 auctis
434 2066 532 2164 quod
565 2069 697 2164 exiguo
732 2064 904 2163 temporis
937 2065 1126 2139 intervallo
1159 2065 1238 2138 fieri
1270 2089 1346 2138 non

291 2181 394 2255 solet.
446 2181 588 2257 Deinde
615 2181 847 2279 amplificatio
874 2181 957 2268 ista,
985 2205 1057 2280 qun
1079 2190 1245 2255 veterum
1270 2179 1345 2254 He·

289 2321 398 2370 roum
413 2297 507 2372 vires
530 2307 567 2372 et
586 2323 643 2373 res
660 2305 780 2394 gestas
798 2307 875 2371 tarn
897 2298 937 2369 in
959 2296 1112 2394 singulis
1128 2295 1217 2370 locis
1234 2320 1346 2394 quem

290 2437 357 2510 per
388 2419 510 2488 totum
544 2439 638 2512 opus
670 2415 710 2487 in
744 2414 861 2511 majus
895 2413 1008 2502 effert,
1042 2419 1255 2510 argumento
1288 2419 1347 2488 cst

290 2551 375 2601 eum
393 2530 438 2603 de
455 2531 615 2629 antiquis
632 2540 669 2605 et
686 2529 807 2604 minus
823 2529 920 2603 notis
938 2531 1162 2626 temporibus
1179 2531 1345 2604 locutum

291 2669 379 2721 esse.
432 2648 521 2722 Non
550 2649 647 2723 enim
678 2651 750 2723 alin
775 2647 940 2745 sugenda
966 2671 1085 2744 neque
1112 2647 1244 2721 fabulis
1278 2646 1348 2720 ob·-

289 2766 447 2839 texenda
469 2789 548 2839 esse
570 2765 712 2840 censuit
734 2763 933 2850 Homerus,
952 2786 1063 2862 quarn
1087 2787 1168 2860 quae
1192 2762 1238 2836 ab
1264 2763 1345 2859 ipso

289 2881 463 2976 temporis
480 2888 546 2955 aut
561 2883 632 2956 loci
648 2881 837 2956 intervallo
851 2878 1031 2976 disjuncta
1043 2885 1156 2953 erent.
1209 2877 1347 2952 Contra

289 3003 413 3068 nutem
442 3019 559 3093 neque
587 2995 781 3070 verisimile
810 3002 867 3069 est
893 3001 969 3070 tarn
997 3003 1163 3069 accurate
1191 3017 1277 3068 eum
1305 2995 1345 3069 in

290 3111 592 3209 descriptionibus
616 3115 764 3200 haerere,
791 3137 909 3210 neque
934 3112 979 3185 de
1003 3113 1094 3186 locis
1119 3111 1345 3208 temporibus

289 3235 328 3302 et
355 3229 518 3324 personis
543 3236 624 3304 tarn
654 3231 749 3305 clare
778 3236 816 3304 et
841 3229 1010 3304 distincte
1035 3229 1178 3326 singula
1202 3230 1345 3304 tradere

289 3345 464 3441 potuisse,
479 3346 548 3421 nisi
561 3347 639 3445 ipse
655 3348 701 3421 de
715 3347 787 3421 illis
805 3347 927 3422 omnia
935 3353 1122 3444 perspecta
1135 3345 1342 3422 habuisset:

290 3487 407 3562 neque
429 3463 507 3538 fieri
530 3462 653 3562 potuit
676 3469 798 3539 totum
825 3489 929 3562 opus,
954 3464 1053 3563 quod
1077 3487 1197 3537 mores
1223 3470 1262 3537 et
1286 3487 1344 3538 res

289 3587 410 3677 gestas
426 3581 618 3658 hominum
635 3581 777 3671 attinet,
789 3588 867 3655 tam
883 3589 969 3678 apte
984 3581 1080 3655 inber
1096 3605 1135 3654 se
1152 3581 1343 3668 cohaerere,

290 3698 322 3770 si
346 3699 521 3774 memoria
542 3699 696 3773 istomm
716 3704 925 3796 temporum
947 3698 1076 3794 ignota
1099 3703 1196 3772 esset
1220 3703 1259 3771 et
1281 3698 1344 3772 ob·

289 3837 405 3888 scura.
474 3816 530 3890 Eo
563 3815 673 3914 igitur
707 3813 880 3911 temporis
913 3813 1103 3888 intervallo
1137 3811 1344 3888 Homerum

288 3929 420 4004 vixisse
438 3931 605 4006 credibile
622 3939 689 4022 est,
709 3934 747 4005 in
765 3956 837 4029 quo
850 3930 996 4026 Trojani
1005 3931 1090 4005 belli
1106 3930 1280 4006 memoria
1289 3932 1345 4004 in·

290 4053 393 4141 tegra
417 4047 534 4121 adhuc
554 4049 777 4147 permansit3
804 4047 843 4120 in
866 4071 939 4146 quo
962 4072 1080 4122 mores
1097 4047 1290 4122 hominum
1306 4059 1344 4123 et

289 4165 404 4240 totius
428 4165 575 4240 Graeciae
598 4175 715 4240 status
741 4165 839 4238 haud
863 4165 915 4238 ite
937 4166 1096 4238 multum
1119 4167 1165 4240 de
1190 4166 1344 4263 pristina

588 4303 602 4342 ‘¹
618 4305 716 4375 lbere,
730 4303 781 4364 lib.
797 4303 816 4364 i.
832 4325 857 4365 c.
875 4331 915 4375 ιο,
931 4331 971 4370 ar,
986 4303 1038 4364 dc.
