3058 4902
280 323 346 386 322
554 328 768 378 cursorio
789 329 1050 378 numus-norm.

279 479 330 552 Et
345 480 477 552 iterum
490 507 553 548 :-

520 625 948 700 -ὅΗρῚατητᾶρβησένεε

436 723 597 792 Βαμβαῖναν·
620 723 719 794 ἄραβος
732 723 761 777 δὲ
775 724 818 777 tut
830 725 916 792 στόμα
932 718 1013 795 γίνετ’
1026 722 1140 776 ὀδόντων

436 821 545 892 Χλαρὸε
557 820 620 875 ὑπαὶ
632 819 745 876 trtow.

280 957 349 1030 Est
375 957 474 1030 enim
496 956 608 1029 timor
633 942 736 1045 λύπη
759 941 859 1044 roei)
885 939 1031 1048 ταραχὴ
1041 959 1063 1026 ³.
1115 953 1331 1051 anhrymae

279 1074 358 1169 ejus
375 1078 414 1145 et
431 1097 556 1168 preces
573 1081 611 1143 et
635 1093 787 1142 suorum
803 1055 973 1166 promptu
994 1067 1150 1166 proditio
1168 1070 1331 1166 ejusdem

279 1199 367 1262 sunt
390 1188 504 1262 animi
526 1211 674 1260 sensus:
703 1193 807 1258 etex
831 1185 982 1259 adverso
997 1209 1091 1258 verae
1107 1185 1332 1260 fortitudinis

278 1327 417 1390 eorum,
437 1301 500 1400 qui
515 1301 586 1374 slis
604 1302 711 1394 longe
728 1309 850 1372 mente
867 1305 903 1372 et
921 1299 1062 1373 diverso
1083 1299 1232 1373 consilio
1253 1301 1333 1396 pari

278 1417 424 1512 incepto
449 1439 488 1487 se
510 1413 728 1498 obtulerant,
743 1411 846 1506 justa
871 1413 1049 1485 exultatio
1075 1412 1267 1508 magnifice
1291 1413 1331 1485 in

276 1531 348 1605 illis
365 1528 552 1605 Diomedis
570 1530 773 1602 declaratur
784 1558 846 1600 :-

430 1677 470 1734 ’H
483 1680 517 1753 ῥὰ
530 1678 560 1734 ni
572 1701 613 1733 ται
626 1679 748 1750 μεγάλαν
761 1678 850 1750 δῶραν
863 1677 1000 1748 ἐπεμαίετο
1012 1677 1101 1748 θυμὸς,

431 1779 533 1834 Ἵππον
545 1778 667 1835 Αἰακίδαο
681 1775 854 1850 δαΐφρονοε“·

171 1973 179 1981 -
278 1921 337 1993 Illi
362 1927 467 1994 caute
495 1927 533 1993 et
563 1919 760 2016 prudenter
784 1923 930 1991 tuntum
956 1942 1049 2016 opus
1077 1933 1327 2017 susceperunt.

277 2035 394 2108 Ferox
420 2035 615 2108 Diomedes
649 2033 786 2108 socium
820 2033 888 2107 sibi
917 2035 1022 2131 petiit
1051 2047 1089 2108 et
1117 2036 1330 2108 Graecorum

277 2151 441 2225 omnium
466 2152 793 2247 prudentissimum
816 2151 960 2251 delegit,
985 2175 1052 2224 nec
1075 2151 1152 2224 sine
1175 2153 1331 2226 solemni

276 2266 451 2340 Minervae
467 2268 695 2341 invocatione
711 2266 846 2362 egressi
863 2274 960 2340 sunt.
997 2265 1126 2364 Itaque
1142 2268 1205 2340 illa
1217 2269 1329 2342 animi

277 2407 435 2479 praesens
452 2385 598 2470 fiducia,
612 2409 692 2479 quae
708 2408 803 2456 verae
819 2382 1024 2456 fortitudini
1039 2408 1157 2481 usque
1173 2384 1327 2474 adsistit,

277 2511 315 2573 et
343 2501 384 2572 in
413 2499 473 2574 via
502 2499 605 2573 etin
635 2499 722 2596 ipsis
751 2499 914 2572 hostium
941 2499 1069 2572 castris
1099 2523 1161 2572 eos
1187 2505 1325 2574 tuetur.

275 2615 362 2688 Alio
387 2615 497 2689 etiam
522 2614 561 2686 in
577 2617 659 2687 loco
685 2624 782 2687 recte
800 2614 1009 2710 depinffl'tur
1027 2613 1221 2714 vehemens
1246 2639 1327 2710 per-

275 2730 435 2804 turbatio
461 2756 541 2826 quae
564 2730 728 2802 animum
753 2739 856 2801 metu
885 2735 1093 2825 correptum
1121 2731 1326 2818 excrucist;

275 2849 436 2944 loquitur
449 2848 560 2921 Poeta
576 2847 622 2919 de
637 2846 776 2920 insidiis
789 2845 970 2919 struendis
983 2846 1166 2943 inquibus
1183 2870 1329 2921 summo

275 2963 396 3037 timori
423 2962 563 3036 occasio
589 2963 705 3036 datur.
758 2961 904 3034 Etenim
925 2961 1038 3034 animi
1067 2963 1219 3035 incultas
1247 2989 1328 3060 quse

275 3081 469 3188 φαντασία
485 3099 637 3166 vocatur
653 3092 794 3166 cumin
810 3090 888 3164 aliis
906 3100 986 3164 tum
1002 3089 1040 3163 in
1057 3091 1127 3164 hoc
1147 3092 1329 3189 praecipue

275 3207 407 3278 affectu
423 3207 643 3295 dominatur,
662 3231 742 3304 quae
767 3207 806 3279 in
823 3230 954 3302 magno
980 3219 1017 3279 et
1043 3205 1195 3280 instanti
1211 3219 1250 3280 et
1273 3208 1327 3281 in-

275 3329 374 3395 certo
391 3321 498 3396 simul
516 3323 677 3418 periculo
694 3323 805 3395 habet
822 3347 895 3419 quo
911 3345 951 3394 se
968 3322 1117 3396 liberius
1134 3331 1324 3414 exercent3

276 3439 357 3510 vult
374 3439 471 3510 enim
488 3439 526 3510 in
543 3462 672 3535 campo
690 3439 811 3510 minus
828 3439 1016 3534 explorato
1037 3438 1208 3535 spatiari;
1229 3439 1326 3512 unde

274 3565 365 3637 illud
395 3565 548 3638 Homeri
579 3561 707 3660 Κῆρας
737 3555 913 3664 ὀϊομένῳε
949 3591 995 3639 ex
1029 3568 1166 3640 incerta
1192 3565 1326 3640 futurae

275 3683 404 3778 stragis
430 3681 634 3777 suspicione
659 3705 716 3752 res
741 3682 887 3776 pendet.
939 3681 1033 3756 Τοῖα
1058 3682 1251 3778 descriptio
1274 3683 1327 3757 sic

275 3820 314 3869 se
332 3796 442 3870 habet
457 3827 519 3869 :—

437 3946 470 4002 Ei
481 3947 533 4018 γὰρ
546 3951 591 4000 νῦν
603 3947 673 4020 παρὰ
687 3949 763 4017 νηυσὶ
776 3947 917 4020 λεγαίμεθα
929 3948 1023 4005 πάντες
1035 3947 1139 4020 ἄρισται

434 4043 480 4101 'Es
492 4045 575 4114 λόχον
588 4040 663 4116 (ἔνθα
675 4044 781 4113 μα’λιατ“
795 4043 873 4116 ἀρετὴ
887 4044 1025 4100 διαείδεται
1038 4040 1150 4116 ἀνδρων)

425 4138 500 4195 'Eud
513 4140 538 4208 α’,
552 4161 581 4194 τε
594 4140 681 4196 δειλὸν
694 4139 767 4211 ἀνὴρ,
782 4139 811 4197 dr
823 4137 848 4195 ε’
863 4143 972 4211 diurnos
983 4139 1140 4212 ἐξεφαάνθη·

314 4317 326 4350 ‘¹
340 4311 385 4371 12.
402 4327 432 4371 Κ.
451 4331 516 4392 374.
601 4324 610 4346 ¹
625 4303 722 4374 Ari'et.
736 4313 837 4384 stet„
851 4312 870 4372 l.
888 4312 918 4373 ii.
934 4333 960 4374 c.
976 4313 1004 4372 6.
1080 4313 1148 4372 'It
1165 4325 1196 4374 x.
1211 4331 1282 4388 40¹·
