3058 4902
534 392 746 442 ruurrorro
774 395 951 444 morsum.
1208 383 1272 448 337

212 539 365 614 machus
385 546 423 614 et
446 565 567 616 eoram
586 544 817 641 quibuslibet,
836 570 979 644 semper
997 557 1117 620 tamen
1135 549 1264 622 obver-

209 664 313 730 setur
340 659 461 732 animo
489 662 603 756 petris
631 663 789 736 absentis
817 665 1035 738 desiderium
1068 677 1104 738 et
1135 665 1266 740 domus

210 799 286 848 suae
303 774 377 849 lere
398 778 476 873 jam
496 780 635 852 obrutae
661 786 833 874 exoptata
857 781 1090 855 instauratio:
1119 783 1157 854 iu
1184 807 1267 878 pos-

209 892 400 967 terioribus
424 895 526 968 libris
552 896 685 992 pariter
702 896 844 992 Ulyssis
864 903 984 970 totum
1010 898 1174 972 animum
1199 925 1260 973 oo-

209 1017 321 1106 cupot
340 1012 499 1085 honestae
518 1013 685 1086 vindicte
705 1037 787 1110 spes
808 1021 846 1086 et
869 1015 1014 1112 propior
1031 1017 1260 1111 expectatio;

210 1133 247 1201 et
266 1128 416 1202 Eumaeo
442 1129 550 1203 etiam
577 1155 642 1203 sua
667 1155 822 1227 persona
846 1142 884 1204 et
911 1157 1026 1206 mores
1053 1133 1266 1208 tribuuntur

209 1271 255 1318 ex
272 1269 314 1318 ea
331 1271 441 1343 quam
463 1247 501 1319 in
517 1247 688 1320 omnibus
707 1247 824 1322 verbis
847 1255 885 1322 et
906 1249 1018 1344 gestis
1036 1256 1120 1322 ante
1138 1254 1264 1326 oculos

209 1362 319 1436 habet
348 1388 432 1460 erga
461 1388 582 1459 regem
612 1370 649 1436 et
680 1364 865 1438 dominum
898 1389 1005 1438 suum
1036 1367 1147 1439 illaesa
1177 1369 1260 1443 fide.
1309 1447 1313 1468 Ι

210 1481 299 1555 Haeo
325 1507 409 1556 vero
435 1482 557 1555 omnia
582 1481 767 1577 attingunt
792 1493 1015 1580 praeceptum
1040 1483 1130 1555 illud
1157 1481 1258 1559 Aris-

207 1614 342 1699 totelis,
361 1598 489 1704 καὶμὴ
509 1604 557 1687 ὡς
576 1599 648 1683 ἀπὸ
669 1601 831 1687 διανοίας
849 1601 986 1705 λέγειν,
1007 1600 1094 1682 ἀλλ’
1114 1605 1162 1687 ὡς
1185 1602 1259 1685 ἀπὸ

206 1725 490 1838 προαιρεσεωςῐ.
547 1742 718 1838 Depingit
741 1742 838 1815 enim
858 1739 1120 1815 Poeta'motus
1145 1737 1264 1816 animi

205 1861 270 1957 qui
298 1885 370 1933 non
395 1867 471 1932 tum
495 1885 540 1932 ex
567 1883 604 1931 re
630 1860 793 1954 subjecta
820 1860 1008 1954 profluunt
1033 1864 1069 1930 et
1095 1883 1175 1932 eam
1202 1883 1259 1932 se-

207 1987 369 2072 quuntur
393 2001 503 2073 quam
528 2000 572 2048 ex
604 1975 852 2070 praemeditato
884 1974 995 2047 animi
1021 1977 1183 2062 consilio,
1212 2001 1258 2049 ex

205 2093 405 2166 inveterato
431 2093 551 2190 aliquo
577 2094 709 2166 affectu
736 2100 774 2165 et
799 2093 1013 2166 confirmato
1042 2093 1172 2167 mentis
1198 2096 1259 2168 ha·

204 2211 296 2288 bitu.
349 2209 441 2284 Vult
458 2216 581 2283 autem
599 2209 812 2283 Aristoteles
830 2233 1035 2282 sermonem
1052 2216 1089 2283 et
1107 2212 1258 2285 modum

205 2327 377 2425 loquendi
395 2352 467 2400 non
487 2328 634 2402 rationis
654 2351 863 2422 processum
879 2326 1039 2421 legitime
1057 2328 1256 2402 deductum

206 2445 336 2518 referre
358 2445 421 2516 sed
445 2451 559 2516 ratem
582 2443 693 2516 enimi
716 2443 947 2515 sententium.
1001 2441 1058 2514 Ita
1076 2443 1256 2516 soemineae

205 2561 374 2636 vindiolae
393 2560 601 2633 violentiam
620 2561 777 2636 declarat
794 2559 818 2631 J
823 2583 895 2631 uno
910 2589 974 2632 :—·

357 2707 397 2766 ’H
412 2733 452 2766 τοι
466 2713 523 2782 ἐμοὶ
536 2715 603 2783 τρεῖς
616 2712 663 2780 μὲν
676 2711 746 2768 πολὺ
760 2709 886 2782 φίλταταί
899 2709 952 2764 εἶσι
967 2711 1071 2780 πόληες,

357 2803 458 2876 Ἀργος
471 2826 499 2858 τε
512 2807 615 2874 Σπάρτη
630 2826 658 2859 τε
672 2805 714 2860 καὶ
727 2804 865 2875 εὐρυάγυια
880 2803 994 2871 Μυκὴνη,

364 2903 416 2958 Τὰς
429 2902 575 2970 διαπέρσαι,
591 2901 653 2955 ὅταν
666 2923 706 2955 τοι
720 2899 881 2971 ἆπίχθωνται
894 2902 954 2971 περὶ
968 2901 1025 2971 κῆρι
1034 2904 1056 2956 ⁸.

203 3028 257 3102 ita
274 3026 362 3124 regii
379 3027 520 3124 imperii
538 3027 672 3100 fastum
693 3027 942 3123 Agamemnon
957 3057 1019 3098 :-—-

363 3179 415 3248 'rip
429 3174 453 3235 δ’
467 3179 520 3252 ε’γὸ
534 3177 564 3232 οὗ
578 3178 653 3234 λύσω
667 3201 729 3252 πριν
740 3179 785 3248 μίν
798 3179 839 3236 καὶ
853 3181 934 3252 γῆρας
946 3174 1076 3235 ἔπεισινὴ.

202 3327 315 3376 suum
332 3314 486 3402 uterque
504 3307 688 3378 decretum
707 3310 744 3377 et
761 3305 990 3400 propositum
1008 3305 1140 3378 mentis
1158 3305 1258 3377 omni

204 3419 355 3493 rationis
379 3419 468 3494 serie
494 3429 643 3494 semota.
697 3420 787 3494 Haec
812 3421 935 3517 itaque
961 3445 1105 3493 morum
1130 3421 1261 3494 notitia

201 3559 249 3608 ex
268 3535 357 3632 ipsis
375 3535 603 3632 singulorum
621 3537 740 3632 verbis
757 3536 912 3610 elicitur.

257 3651 329 3725 Sed
354 3659 390 3726 et
416 3652 515 3726 iniis
541 3653 672 3750 quibus
698 3653 847 3726 ebullis
873 3654 1138 3749 compellantur
1162 3652 1257 3726 idem

204 3781 316 3866 patet.
370 3770 536 3844 Breviter
553 3770 649 3844 enim
675 3795 772 3867 saepe
797 3769 835 3842 in
861 3771 1113 3867 compellando
1137 3769 1258 3866 aliquo

206 3911 323 3960 mores
340 3887 419 3984 ejus
437 3894 474 3960 et
490 3912 606 3984 genus
624 3887 708 3960 vitae
724 3885 952 3981 attingimus.
1006 3887 1167 3959 Afferem
1185 3887 1258 3961 duo

101 3987 109 3998 ’
203 4002 409 4100 insignioris
435 4015 531 4078 notae
556 4005 732 4100 exempla.
783 4001 970 4075 Diomedis
996 4001 1042 4074 ad
1064 4000 1258 4076 Nestorem

202 4121 312 4192 verba
335 4120 467 4216 quibus
485 4121 571 4216 vigil
596 4114 765 4193 leboriosi
791 4119 885 4193 senis
912 4120 1056 4191 animus
1079 4118 1171 4193 vivis
1197 4145 1255 4194 oo-

200 4236 338 4309 loribus
355 4235 570 4332 exprimitur
585 4269 646 4310 :—

239 4411 391 4474 ‘Ariotot
408 4413 696 4488 Rhet.,l.iii.e.16.
758 4415 827 4474 ¹12.
843 4429 873 4475 A.
891 4433 938 4494 51.
988 4414 1001 4448 ¹¹
1022 4415 1100 4475 Ibid.
1118 4430 1138 4475 Α
1166 4436 1214 4492 ²9·

721 4538 740 4583 Z
