3058 4902
288 325 354 388 330
566 333 780 382 ruarmo
804 330 1066 381 proras-noua

287 483 408 580 aliquo
424 481 580 556 authore
605 481 821 556 immoratus
838 485 895 554 est
910 479 1156 576 Philosophus
1178 479 1243 553 sed
1258 503 1344 553 om-

287 622 372 672 nem
405 597 515 672 vitam
549 598 803 694 perlustravit:
840 596 990 694 perinde
1023 607 1149 669 autem
1182 601 1261 669 erat
1295 620 1344 668 ex

287 713 450 788 Homero
474 725 586 810 atque
610 739 657 788 ex
682 713 839 787 hominis
868 722 1000 787 natura
1024 709 1210 785 materiem
1234 735 1345 784 suam

288 829 498 906 desumere:
523 831 561 904 in
573 830 636 903 illa
647 829 809 904 scientiae
825 827 1064 926 amplitudine
1078 851 1188 924 quam
1200 828 1343 922 ingenti

287 945 409 1018 animo
437 947 649 1040 complexus
678 955 736 1018 est
769 968 844 1018 non
873 943 1000 1018 habuit
1029 967 1103 1040 quo
1132 967 1172 1017 se
1204 943 1342 1016 rectius

287 1059 440 1136 sisteret.
493 1060 575 1135 Seio
596 1085 654 1136 me
678 1060 892 1156 insigniores
911 1068 1056 1134 tantum
1075 1060 1225 1134 affectus
1242 1069 1341 1132 trao-

287 1181 385 1250 tasse
405 1181 443 1250 et
459 1177 506 1250 de'
520 1176 565 1250 iis
581 1176 692 1252 etiam
708 1200 790 1272 quae
807 1173 883 1250 dixi
901 1199 1017 1272 pauoa
1033 1199 1113 1248 esse
1134 1184 1173 1248 et
1189 1175 1340 1270 jejuna:

288 1292 359 1366 alia
380 1300 467 1366 sunt
484 1293 646 1389 ejusdem
663 1291 803 1388 generis
825 1316 978 1366 numero
994 1290 1147 1366 infinita.
1199 1289 1343 1385 Singuli

287 1407 362 1480 fere
385 1432 511 1482 versus
535 1407 721 1482 Homerici
748 1408 906 1503 aliquem
930 1406 1042 1480 animi
1070 1413 1212 1480 motum
1237 1407 1343 1481 exhi-

288 1523 387 1596 bent.
440 1521 516 1606 Qui
541 1524 646 1620 plura
661 1523 751 1596 velit
776 1523 899 1619 itaque
924 1523 1046 1618 ipsum
1071 1521 1204 1596 iterum
1229 1529 1344 1619 atque

287 1637 420 1712 iterum
444 1640 601 1727 evolvat,
625 1645 664 1712 et
686 1663 758 1735 quo
784 1639 898 1733 magis
922 1661 997 1711 non
1021 1637 1104 1710 dioo
1127 1637 1175 1709 sd
1198 1637 1342 1711 Aristo

288 1752 398 1824 telem
418 1751 481 1824 sed
504 1752 549 1825 ad
567 1775 688 1826 veram
705 1760 743 1824 et
765 1774 889 1825 sanam
907 1749 1053 1824 llthioes
1070 1748 1343 1845 Philosophiam

290 1866 550 1964 provocaverit,
565 1892 609 1941 eo
625 1869 740 1964 magis
752 1866 959 1940 Homerum
974 1865 1014 1938 in
1027 1865 1165 1939 deliciis
1181 1866 1342 1942 habebit.

290 1982 383 2056 Haee
407 1982 587 2057 sufficiant
611 1983 767 2080 exempli
791 1985 884 2057 looo.
936 1982 1073 2056 Eadem
1090 1981 1213 2056 omnia
1231 1982 1343 2058 insor-

290 2105 367 2171 mat
381 2097 516 2172 veritas
533 2100 618 2173 luco
635 2107 675 2173 et
690 2097 851 2174 vanitate
866 2123 1007 2196 expers.

338 2217 515 2291 Praeterea
550 2219 634 2293 hino
663 2220 778 2316 liquet
810 2243 913 2315 spem
942 2228 981 2292 et
1010 2225 1150 2292 metum
1179 2219 1344 2317 singulos

289 2331 441 2408 affectus
466 2359 649 2430 permeare
673 2340 712 2408 et
736 2359 884 2408 omnem
906 2336 1021 2408 vitam
1045 2359 1179 2430 regere.
1231 2336 1344 2434 Spem

157 2479 162 2486 ·
289 2460 477 2523 venturam
513 2449 635 2523 animo
668 2449 896 2547 precipimus
936 2475 1000 2524 sou
1035 2474 1102 2523 nos
1134 2465 1344 2547 permoveat

290 2567 344 2640 ira
376 2569 436 2640 vel
470 2569 652 2640 aemulatio
684 2568 745 2641 vel
778 2566 945 2640 amicitia.
998 2565 1043 2639 ln
1075 2567 1177 2640 omni
1210 2570 1344 2644 timore

290 2694 327 2759 et
351 2682 597 2758 misericordia
620 2684 707 2757 mali
731 2683 847 2756 futuri
877 2685 996 2778 imago
1020 2707 1089 2756 nos
1113 2698 1233 2758 vexat
1284 2687 1345 2760 Ex

291 2802 360 2875 hao
392 2800 584 2898 phantasia
617 2801 769 2896 singulis
806 2801 995 2874 affectibus
1029 2801 1179 2876 modum
1213 2807 1344 2878 statuit

290 2918 427 3005 Poeta;
457 2943 574 3015 neque
598 2917 705 2990 illum
728 2918 857 3014 effugit
882 2918 1079 3013 voluptatis
1104 2920 1212 2992 etiam
1238 2922 1343 3018 quid-

292 3033 374 3106 dam
403 3033 441 3105 in
470 3035 627 3130 pessimo
650 3035 735 3107 vite
765 3039 865 3107 statu
894 3034 1029 3107 sensim
1054 3058 1093 3107 se
1122 3034 1342 3126 insinuare',

291 3173 372 3222 eam
398 3157 522 3222 autem
551 3175 626 3224 non
651 3149 823 3248 consequi
858 3156 1003 3224 tantum
1036 3151 1196 3226 dolorem
1229 3165 1271 3228 ut
1304 3155 1345 3228 in

292 3267 356 3338 illo
368 3296 430 3338 :—

239 3351 244 3358 ’
498 3367 1100 3444 -aolalawiilv‘wfmlwo

441 3466 665 3536 Ὀστιεδὴμὼ
678 3468 768 3522 πολλὰ
780 3465 851 3535 πάθῃ
865 3466 907 3520 ml
919 3465 1000 3521 πολλ’
1014 3465 1132 3536 ι’πιιληθῇ
1141 3471 1161 3524 ⁸.

292 3585 356 3660 sed
372 3585 535 3660 comitari
552 3584 661 3657 etiam
678 3591 806 3658 etune
822 3585 946 3658 adesse
958 3616 1021 3657 :-

448 3731 573 3782 -τοῐσι
587 3728 617 3796 δὴ
630 3729 713 3783 πᾶσιν
725 3727 772 3798 ὑφ’
787 3724 1072 3800 ἶμερονδρσεγόοωὶ

293 3850 433 3926 Contra
449 3859 494 3925 ut
510 3851 561 3925 ait
579 3851 770 3924 Lucretius
783 3883 846 3924 :-

566 4006 608 4019 -
621 3977 641 4008 ‘⁴
652 3973 750 4034 medio
764 3973 802 4033 de
815 3973 900 4035 sonte
912 3973 1049 4054 leporum

393 4069 496 4149 Surgit
509 4071 602 4130 amam
615 4069 727 4150 aliquid
740 4069 820 4150 quod
833 4071 865 4131 in
878 4071 952 4151 ipsis
964 4071 1089 4134 floribus
1102 4078 1195 4152 angat
1202 4073 1249 4134 ¹.'¹
1352 4063 1361 4080 “

332 4237 341 4264 ’
356 4225 457 4283 Arist.
471 4223 570 4296 Blae,
585 4222 606 4283 l.
620 4222 640 4283 ἱ.
654 4242 680 4284 ο.
695 4243 741 4297 11,
756 4231 797 4283 rai
810 4228 839 4283 iv
850 4231 904 4286 ruis
918 4229 1027 4286 πένθεσι
1040 4231 1168 4304 ι’γγίηπιι
1179 4253 1219 4289 ns
1231 4231 1318 4303 ἥδόη.

331 4317 341 4341 ·
367 4301 469 4380 Odys.
485 4315 516 4362 ο.
534 4321 602 4380 399.
741 4305 751 4338 ⁸
769 4303 809 4362 ll.
822 4315 858 4364 v.
876 4306 942 4364 108.
1071 4313 1085 4340 “
1105 4305 1142 4368 L.
1157 4306 1195 4368 ir.
1213 4310 1301 4368 1126.
