3058 4908
1042 2 1162 192 N.

273 291 340 354 280
546 299 759 348 ramuncrro
779 299 1060 349 necrus-serra,

204 499 208 508 ·
273 449 424 522 unicum
449 447 654 521 Homerum
677 448 890 544 magistrum
918 447 1088 520 habuisse
1108 453 1330 544 (quanquam

274 571 311 636 et
340 564 409 660 ipsi
431 571 474 637 ut
501 565 615 637 fertur
642 563 680 636 in
709 565 870 637 Homero
897 573 1047 638 auctore
1074 564 1330 662 superbiebant

273 687 311 754 et
333 679 548 775 gestiebant)
575 682 638 754 sed
665 706 711 753 ex
734 681 797 753 illo
820 680 1037 777 profluxisse
1062 682 1161 777 leges
1187 689 1223 754 et
1246 707 1331 754 nor·
1454 680 1514 791 N,-

274 821 371 868 mam
389 797 435 869 od
453 820 562 892 quom
586 821 659 870 non
676 803 823 869 tontum
846 799 884 869 in
901 798 1082 870 scribendi
1105 799 1242 870 artibus
1265 799 1331 871 sed

273 914 311 986 in
340 915 419 987 aliis
449 915 560 986 etiam
587 916 695 988 rebus
726 921 822 988 recte
852 915 1040 1011 provocari
1070 917 1203 1012 potuit,
1231 915 1329 988 illius

273 1029 429 1125 denique
446 1031 614 1125 exemplo
633 1030 797 1102 didicisse
816 1029 964 1103 Graecos
982 1055 1148 1126 quaenam
1169 1033 1218 1104 sit
1234 1055 1330 1104 verre

273 1147 459 1241 elegantiae
491 1153 622 1220 natura
651 1154 688 1219 et
716 1149 821 1234 ratio,
850 1173 923 1243 quo
953 1150 1102 1221 nomine
1127 1150 1203 1245 jam
1229 1173 1330 1222 nunc

274 1263 381 1359 primi
411 1264 574 1337 audiunt.
628 1263 759 1360 Neque
786 1289 871 1337 vero
901 1264 1052 1338 Homeri
1079 1265 1224 1361 ingenio
1251 1266 1331 1339 haec

272 1381 325 1452 ita
341 1381 462 1454 tribuo
481 1380 583 1478 quasi
611 1382 755 1477 proprio
778 1383 857 1477 ejus
874 1389 950 1453 orte
976 1383 1125 1455 invento
1141 1381 1277 1454 fuerint
1293 1392 1331 1455 et

274 1497 439 1570 conficta.
493 1497 558 1569 Ille
576 1497 749 1568 nimirum
767 1521 812 1568 ex
838 1508 968 1570 natura
986 1498 1078 1570 duce
1103 1501 1228 1571 omnia
1243 1523 1330 1571 oon·

274 1612 436 1710 quisivit,
455 1623 564 1709 atque
590 1613 684 1686 hanc
709 1613 777 1685 sibi
801 1613 948 1686 laudem
965 1614 1076 1686 habet
1101 1614 1248 1711 proprio
1270 1615 1330 1710 ju-

276 1728 369 1802 dicio
395 1740 432 1801 et
457 1729 590 1802 mentis
608 1728 733 1826 vigore
758 1754 803 1802 ex
829 1730 993 1802 obscuris
1018 1729 1232 1804 rudimentis
1249 1755 1329 1827 per-

273 1846 413 1917 fectum
429 1847 517 1918 artis
544 1869 636 1942 opus
662 1845 916 1932 conformasse,
935 1847 1035 1942 quod
1051 1856 1087 1918 et
1114 1847 1151 1918 in
1168 1871 1235 1920 sua
1250 1855 1329 1920 arte

273 1967 312 2034 et
329 1961 367 2032 in
384 1962 521 2035 ceteris
547 1963 702 2058 posteris
719 1962 887 2059 exemplo
905 1963 1018 2036 soret:
1049 1962 1080 2036 si
1098 1962 1264 2036 materies
1280 1964 1330 2036 ad

275 2101 425 2150 manum
453 2077 573 2164 suerit,
603 2085 642 2150 at
671 2103 716 2151 ex
746 2078 829 2150 rudi
863 2079 1013 2150 materia
1042 2079 1329 2175 pulcherrimum

273 2195 468 2267 aedificium
508 2195 700 2267 exstruxit.
771 2193 934 2268 Eandem
969 2195 1130 2268 veritatis
1164 2219 1328 2268 normam

274 2310 488 2382 Aristoteles
514 2318 640 2406 postea
665 2311 841 2406 explicuit
861 2320 898 2384 et
923 2310 1112 2407 praeceptis
1137 2311 1328 2385 confirme-

273 2427 339 2513 vit,
357 2451 403 2498 ex
426 2425 579 2500 Homeri
602 2427 772 2524 operibus
796 2451 901 2500 suam
925 2427 1152 2523 disciplinam
1175 2453 1304 2501 eruens
1316 2459 1327 2516 ;

272 2551 372 2616 recte
405 2544 503 2616 enim
531 2543 624 2616 vidit
658 2568 732 2616 non
766 2569 809 2618 ex
847 2542 1002 2616 artificio
1029 2543 1151 2616 Poetae
1185 2546 1249 2617 sed
1281 2569 1328 2617 ex

273 2658 413 2733 Natura
447 2659 580 2733 Iliados
615 2666 653 2732 et
688 2659 862 2757 Odysseae
902 2672 1122 2733 structuram
1156 2661 1325 2756 pendere.

272 2775 352 2849 Nec
369 2801 454 2849 vero
472 2776 543 2849 alio
562 2801 672 2852 sensu
689 2776 811 2873 Epioae
830 2777 987 2850 Poeseos
1013 2801 1140 2848 norma
1167 2781 1254 2850 artis
1271 2785 1328 2850 est

273 2917 385 2989 quem
418 2919 492 2990 quo
528 2892 767 2966 Scientiarum
796 2893 1046 2966 Theoremata.
1100 2891 1146 2965 In
1174 2900 1329 2990 utraque

272 3033 312 3082 re
329 3009 515 3105 sequimur
532 3035 751 3106 quocunque
769 3034 836 3082 nos
855 3010 965 3082 ducat
981 3007 1124 3082 Natura
1140 3015 1179 3082 et
1194 3009 1328 3082 mentis

211 3109 216 3116 ⁴
273 3126 440 3198 humanae
468 3126 573 3215 ratio,
592 3135 702 3223 atque
729 3128 797 3199 bac
826 3127 957 3198 semita
983 3126 1039 3224 ad*
1054 3149 1095 3198 ea
1121 3127 1329 3222 frequenter

276 3242 489 3316 devenimus
516 3268 596 3338 quae
623 3268 669 3316 cx
699 3251 802 3340 parte
827 3252 865 3314 et
891 3243 1045 3315 obscure
1070 3243 1239 3315 omnibus
1264 3267 1328 3339 pa-

272 3365 366 3446 tent,
397 3361 459 3432 sed
490 3359 555 3433 ubi
588 3367 665 3432 orte
699 3366 950 3433 consummata
983 3359 1117 3432 luerint
1144 3357 1329 3432 diversum

272 3475 438 3548 habitum
473 3475 645 3564 induunt,
681 3487 717 3548 et
752 3477 796 3548 ab
831 3475 970 3571 origine
1015 3498 1081 3547 sua
1118 3473 1328 3570 longissime

274 3593 421 3666 abeunt.
1332 3583 1358 3612 ⁹

323 3710 431 3782 Tanti
457 3719 547 3796 erat,
567 3709 598 3782 si
625 3708 773 3782 Graecos
791 3719 1009 3806 spectemus,
1028 3733 1071 3780 ea
1093 3707 1328 3804 pulchritudo

274 3828 419 3924 quaein
451 3827 600 3900 Homeri
632 3827 762 3899 sabulis
792 3828 1028 3923 conspicitur.
1080 3825 1158 3900 Nec
1183 3834 1328 3900 tantum

272 3955 400 4040 paratu
434 3945 597 4017 difficiles
633 3952 720 4016 sunt
754 3944 809 4014 bae
844 3945 1023 4017 scribendi
1052 3935 1161 4039 leges,
1193 3943 1258 4016 sed
1290 3943 1329 4016 in

273 4061 373 4132 mille
400 4061 509 4132 etiam
535 4062 761 4156 corruptelas
787 4085 902 4156 prono
930 4060 1070 4156 impetu
1097 4061 1326 4148 delabuntur,

273 4182 310 4246 et
330 4176 450 4269 pravis
467 4177 658 4249 bominum
676 4176 828 4271 ingeniis
851 4201 874 4250 a
895 4183 995 4250 recto
1012 4177 1159 4250 tramite
1175 4175 1248 4250 cito
1265 4177 1326 4249 de·

272 4296 502 4385 torquentur.
557 4293 673 4365 Nobis
697 4293 819 4390 itaque
842 4296 967 4366 eadem
986 4318 1115 4366 norma
1130 4294 1208 4389 jam
1226 4317 1324 4366 nunc
