3096 4886
561 306 774 356 Pfflllcrlo
795 303 947 366 ornari.
1243 285 1281 346 71

228 454 325 527 Illud
359 459 483 528 autem
516 453 705 527 Diomedis
747 453 914 548 dignitati
956 475 1135 524 summam
1173 451 1283 525 etiam

228 571 438 644 comitatem
456 567 646 668 adjungitl
660 601 722 642 :-

386 727 447 779 Πῶι·
460 723 491 777 ἀν
505 722 583 778 ἔπειτ’
597 723 726 792 Ὀδυσῆος
741 724 792 795 ἐγὼ
806 721 886 777 θείοιο
899 719 1034 791 λαθοίμην,

387 816 426 874 Ob
439 819 499 891 περὶ
511 819 560 886 μὲν
571 819 700 890 πρόφρων
712 813 811 890 κραδίη,
826 819 867 872 sol
881 817 962 886 θυμὸς
974 815 1076 889 ἀγήνωρ

387 909 435 965 Ἐν
447 911 578 964 πάντεσσι
590 911 704 966 πόνοισι·
725 911 803 980 φιλεῖ
815 911 843 964 δὲ
858 911 871 964 ε’
884 909 993 966 nuliis
1008 907 1110 977 Ἀθήνη.

228 1025 286 1099 Ad
320 1027 486 1102 convivia
513 1033 551 1102 et
585 1027 652 1101 otii
682 1027 947 1101 oblectamenta
976 1033 1215 1114 transeamus,
1246 1026 1284 1098 in

229 1143 361 1240 quibus
386 1143 552 1217 ordinate
581 1155 619 1218 et
653 1145 851 1216 solenniter
877 1143 1019 1239 singula
1047 1149 1282 1241 peraguntur.

230 1259 274 1331 In
308 1283 379 1334 usu
420 1266 536 1342 erant,
576 1283 752 1334 manuum
792 1259 942 1348 ablutio,
978 1259 1168 1333 libationes
1204 1257 1285 1332 Diis

230 1375 346 1461 factae,
382 1374 477 1448 inter
511 1376 622 1472 dapes
657 1400 723 1448 sua
756 1375 888 1470 cuique
922 1370 1060 1471 portio¹
1073 1405 1082 1462 ;
1119 1373 1208 1446 adeo
1243 1381 1285 1446 ut
1324 1451 1331 1466 ,

229 1493 320 1565 nihil
344 1494 461 1588 magis
484 1493 615 1568 honori
637 1504 743 1581 esset,
764 1517 873 1589 quam
900 1491 1036 1588 majore
1059 1515 1151 1564 escae
1167 1496 1282 1585 parte,

230 1613 294 1680 aut
321 1606 481 1704 pleniore
508 1609 642 1705 poculo
672 1607 798 1704 excipi,
827 1631 946 1704 neque
975 1606 1089 1680 abluit
1119 1605 1285 1679 convivio

230 1724 403 1810 hilaritas,
422 1747 539 1821 neque
556 1723 721 1798 Musices
738 1735 774 1798 et
791 1729 920 1796 cantus
938 1725 1209 1797 blandimentam
1223 1753 1272 1795 :-

389 1865 491 1939 οὐγὰρ
505 1867 587 1940 ε’γιιγέ
599 1889 624 1920 τι
638 1867 706 1938 φηρὶ
720 1867 795 1924 ribos
808 1869 979 1939 χαριέστερον
992 1863 1064 1931 εἶναι,

383 1961 423 2020 'H
437 1963 499 2020 ὅταν
511 1963 660 2036 εὐφροσύνη
674 1963 722 2034 μὲν
734 1965 781 2034 ἔχη
795 1965 858 2018 nursi
872 1965 952 2034 δῆμον
964 1963 1072 2029 ἅπαντα,

388 2061 543 2128 Διιιτνρόνει
557 2058 579 2114 δ’
593 2059 641 2114 dab
656 2059 749 2129 δώματ’
762 2059 934 2128 ἀκουάζωνται
948 2059 1036 2114 ἀοιδοῦ

387 2153 498 2226 Ἦμενοι
511 2154 603 2225 tectae.

231 2271 352 2345 Etiam
368 2271 428 2344 ille
446 2272 600 2344 saltandi
618 2296 698 2346 mos
716 2273 778 2370 qui
795 2273 892 2368 apud
909 2273 1124 2346 recentiores
1139 2271 1286 2346 Graecos

230 2388 324 2460 tanti
350 2386 432 2476 fuit,
453 2388 538 2484 jam
555 2399 636 2462 tum
663 2389 825 2462 studiose
853 2391 1049 2478 colebatur,
1075 2395 1114 2462 et
1141 2413 1285 2462 summo

231 2527 315 2576 eum
350 2504 480 2599 plausu
514 2505 785 2600 excipiebatur¹¹
797 2537 807 2592 ;
842 2507 942 2578 nulla
976 2516 1099 2579 autem
1132 2505 1284 2601 dapibus

231 2620 378 2692 luxuria
394 2643 512 2716 neque
535 2622 633 2693 ullus
651 2627 844 2717 sumptus;
872 2645 1079 2717 quanquam
1098 2621 1191 2692 hanc
1209 2645 1286 2692 mo-

231 2735 383 2810 destiam
414 2741 451 2808 et
480 2735 724 2831 frugalitatem
750 2743 928 2810 nontam
957 2736 1036 2810 istis
1062 2736 1285 2832 temporibus

230 2853 414 2948 propriam
447 2851 558 2925 fixisse
585 2876 695 2950 quam
729 2876 750 2924 a
780 2852 892 2925 Poeta
920 2853 1067 2926 virtutis
1101 2854 1180 2926 loco
1211 2852 1286 2926 suis

231 2968 354 3041 datam
388 2967 594 3066 suspicatur
628 2969 828 3044 Athenaeus
838 2976 861 3040 ⁰.
925 2969 1057 3074 Eadem
1101 2970 1213 3042 etiam
1247 2970 1285 3042 in

230 3083 365 3156 vestitu
391 3084 615 3180 simplicitas,
640 3110 759 3184 neque
784 3095 906 3159 tamen
931 3086 1120 3160 munditiis
1146 3111 1284 3185 expers.

231 3199 395 3274 Fuerunt
421 3201 531 3274 etium
552 3201 698 3300 regibus
721 3212 840 3276 vestes
865 3202 1052 3298 magnifice
1080 3204 1284 3290 adornatae;

232 3339 350 3411 neque
385 3316 564 3411 elegantia
593 3316 708 3390 caruit
738 3318 897 3391 mundus
927 3318 1123 3408 muliebris
1157 3321 1220 3392 sed
1249 3327 1287 3392 et
1367 3361 1371 3370 ·

232 3437 352 3506 vestes
378 3432 557 3530 exquisite
582 3432 708 3530 pictae,
740 3443 776 3506 et
803 3458 869 3506 sua
891 3435 1038 3508 monilia
1065 3444 1102 3509 et
1130 3436 1286 3510 armillas

234 3545 373 3634 habuit,
403 3571 519 3642 neque
554 3549 752 3621 domestice
784 3551 944 3644 supellex
979 3557 1044 3624 aut
1077 3551 1173 3624 vasis
1207 3575 1287 3647 quae

233 3660 318 3734 vitae
358 3663 559 3738 commodis
594 3664 808 3752 inserviunt,
845 3675 909 3738 aut
949 3669 1023 3740 suis
1064 3669 1286 3739 ornamentis

234 3778 359 3850 caruit.
413 3778 456 3852 In
478 3780 692 3854 contrariam
717 3791 858 3878 partem
881 3781 1055 3878 disputari
1072 3783 1192 3856 solent
1208 3789 1285 3856 tur-

273 3965 343 4030 ²11.
361 3982 393 4028 x.
411 3991 470 4042 ²43·
781 3991 809 4030 v.
833 3970 889 4030 sub
910 3971 968 4030 init
978 3977 1050 4032 -et
1073 3971 1143 4033 alibi
1167 3972 1287 4052 quidem

275 4045 366 4108 ¹Vid.
385 4051 440 4108 Od·
457 4062 489 4114 Ξ.
505 4074 563 4122 433·
783 4051 820 4110 de
835 4050 996 4130 Symposiis
1011 4052 1179 4114 Homericis
1192 4054 1287 4114 multa

276 4135 297 4162 ¹¹¹
315 4128 371 4185 Od.
386 4141 408 4187 1.
424 4129 480 4188 sub
496 4129 563 4187 init.
782 4129 882 4200 habet,
907 4137 997 4210 atque
1021 4132 1072 4191 illa
1094 4151 1162 4192 cum
1186 4153 1287 4192 recen·

275 4213 289 4241 ¹¹
306 4207 359 4264 Od.
375 4219 407 4268 θ.
781 4209 867 4268 tior-is
890 4209 1011 4272 Graeeiae
1031 4211 1195 4292 Symposiis
1216 4233 1285 4272 con·

274 4284 367 4346 ⁰Lib.
382 4285 401 4343 i.
444 4284 514 4345 vid.
534 4285 670 4359 cundem,
690 4285 740 4346 lib.
781 4289 848 4350 fort.
