3058 4908
273 335 339 399 238
532 326 745 396 rsmrrcrr'o
765 341 1071 403 necrus-ouran.

276 499 370 584 dere,
396 500 455 571 vel
482 497 615 570 crebris
645 494 848 570 actionibus
873 493 1114 592 frequentare.
1168 491 1270 576 Quin
1295 499 1336 567 et

275 617 367 691 illud
396 621 518 713 partes
547 613 674 688 babuit
703 615 786 688 laxe
817 613 927 686 nimis
954 618 993 685 et
1022 614 1143 686 solute
1171 612 1267 685 inter
1294 635 1336 685 se

275 732 473 807 devinctas.
524 732 623 806 Hinc
656 731 819 804 finitimas
853 731 1030 825 regiones,
1061 739 1106 804 ut
1138 755 1185 803 ex
1218 728 1336 825 ipsius

274 849 428 924 Homeri
451 847 660 923 testimonio
685 853 798 944 patet,
827 847 1039 920 Graecomm
1065 846 1335 920 incursionibus

274 977 415 1040 vexatae
432 975 519 1040 sunt
536 975 573 1039 et
591 963 792 1040 dorestatae
803 996 865 1037 :-

438 1135 545 1190 Δῶδεκα
560 1134 591 1203 δὴ
606 1133 658 1189 σὺν
671 1134 748 1202 νηυσὶ
762 1135 854 1190 πόλεις
866 1130 982 1200 (1Ἆᾶπηῖ
996 1132 1140 1203 drdpo'rm

434 1233 518 1299 Πεζὸς
531 1231 554 1286 δ’
570 1231 658 1286 ἕνδεκά
671 1231 740 1302 φημι
754 1231 818 1284 rard
831 1229 926 1301 Τροίην
938 1229 1069 1301 ἐρίβωλον
1075 1223 1096 1284 ¹¹.

277 1374 376 1448 Hinc
401 1374 439 1447 in
458 1373 684 1448 Chersoneso
709 1373 952 1447 consedemnt
971 1371 1088 1445 Graeci
1113 1381 1150 1445 et
1174 1371 1213 1444 in
1237 1371 1334 1468 agris

277 1492 437 1566 colendis
455 1515 493 1566 se
517 1490 774 1576 exercebant¹3
805 1513 880 1586 prae
898 1490 1022 1586 inopia
1038 1488 1193 1587 denique
1210 1488 1335 1585 copias

278 1628 362 1677 sues
382 1603 687 1701 dispertiebantk:
713 1602 882 1676 credibile
900 1610 956 1675 est
977 1601 1087 1675 etiam
1104 1600 1142 1674 in
1161 1600 1334 1675 diutomo

278 1720 374 1795 bello
401 1732 438 1795 et
466 1723 504 1795 in
530 1724 603 1795 ista
626 1720 785 1794 bellandi
812 1721 956 1794 inscitia
983 1730 1082 1793 totos
1111 1743 1253 1792 menses
1279 1721 1336 1792 vel

278 1837 388 1911 etiam
413 1863 527 1912 annos
552 1837 809 1925 intercessisse,
828 1837 867 1910 in
890 1837 1022 1932 quibus
1048 1837 1140 1910 nibil
1165 1836 1336 1910 acciderit

278 1962 482 2030 memoratu
499 1955 662 2051 dignum.
717 1955 756 2028 Si
777 1955 899 2052 itaque
924 1955 971 2028 ad
996 1953 1153 2028 historiae
1170 1955 1279 2027 fidem
1297 1977 1336 2028 se

278 2078 401 2146 totum
431 2074 707 2170 composuisset,
738 2071 777 2144 io
807 2071 935 2168 frigida
965 2072 1170 2144 narratione
1201 2073 1336 2145 substi-

279 2189 419 2275 tissetr·
438 2190 468 2263 si
497 2215 703 2288 pugnarum
733 2189 924 2262 intervalla
951 2189 996 2262 de
1026 2213 1095 2262 suo
1123 2187 1335 2276 retorsisset,

280 2307 371 2379 illud
399 2314 495 2380 esset
528 2319 566 2381 et
600 2306 758 2380 historiae
792 2306 904 2379 fidem
929 2306 1158 2394 labefactare,
1190 2313 1228 2379 et
1261 2306 1337 2379 suis

280 2425 497 2500 commentis
532 2450 571 2499 se
605 2425 726 2521 ipsum
760 2423 959 2520 implicare.
1010 2423 1154 2498 Dixerit
1183 2423 1338 2497 fortasse

280 2543 411 2640 aliquis
434 2542 596 2639 potuisse
619 2566 658 2616 se
678 2542 723 2615 ad
744 2543 854 2614 linem
877 2538 962 2614 belli
985 2551 1022 2614 et
1045 2541 1090 2613 ad
1111 2541 1212 2613 urbis
1240 2541 1336 2613 exci-

281 2659 383 2732 dium
405 2659 613 2747 contulisse,
632 2660 678 2732 ad
704 2683 917 2754 supremum
943 2657 1079 2730 scilicet
1095 2657 1215 2755 Trojae
1239 2658 1338 2730 labo·

281 2801 370 2864 rem,
397 2786 569 2873 tanquam
596 2775 641 2849 ad
669 2800 747 2848 rem
774 2799 843 2850 sua
864 2781 998 2850 natura
1022 2776 1225 2872 lugubrem,
1252 2774 1339 2848 hinc

280 2893 417 2966 civium
434 2893 677 2988 Trojanorum
693 2893 790 2965 caede
807 2899 845 2965 et
861 2890 1082 2979 infortuniis,
1094 2891 1179 2964 hinc
1193 2891 1339 2966 Greco-

280 3035 364 3082 rum
392 3011 588 3107 triumphis
618 3016 656 3084 et
688 3009 803 3106 gloria
836 3008 1039 3106 insignem;
1072 3034 1151 3107 quse
1182 3009 1340 3107 denique

282 3128 490 3201 summatim
515 3126 554 3200 in
578 3153 654 3202 uno
679 3129 771 3201 libro
797 3127 919 3224 attigit
934 3126 1112 3224 Virgilius
1138 3127 1207 3200 toti
1235 3127 1340 3202 lliadi

282 3244 445 3317 sufficere
467 3243 640 3340 potuisse.
696 3243 792 3318 Sunt
808 3252 930 3319 tamen
947 3244 1057 3318 etiam
1074 3269 1120 3318 ex
1143 3245 1212 3320 hac
1237 3257 1340 3342 parte

282 3387 362 3459 quae
392 3361 540 3436 Poetam
568 3361 785 3460 impedirent
815 3363 937 3461 potius
968 3387 1077 3460 quom
1112 3363 1338 3459 adjuvarent.

282 3479 349 3553 Est
367 3479 463 3552 enim
480 3478 587 3553 nimis
604 3481 815 3576 perturbata
840 3481 901 3553 illa
918 3480 1028 3554 Actio
1045 3506 1127 3578 quae
1143 3485 1201 3553 tot
1218 3488 1340 3577 partes

282 3597 392 3670 babet
408 3621 484 3670 uno
501 3596 575 3670 fere
599 3605 783 3670 momento
809 3598 1044 3694 peragendas,
1064 3621 1182 3694 neque
1204 3595 1341 3694 inipso

283 3715 383 3789 urbis
414 3714 554 3788 excidio
581 3713 722 3810 reperio
752 3739 948 3788 commune
977 3714 1125 3811 aliquod
1153 3713 1341 3787 vinculum

282 3833 387 3929 cujus
414 3856 484 3928 ope
511 3837 641 3905 caetera
666 3830 761 3905 inter
786 3855 825 3905 se
852 3831 1014 3927 colligari
1041 3837 1204 3928 possent,
1222 3855 1343 3927 neque

282 3972 471 4045 personam
490 3948 595 4022 istam
616 3973 696 4046 quae
713 3949 835 4045 magui
861 3947 1016 4044 exempli
1033 3949 1108 4021 vim
1125 3947 1287 4036 haberet,
1305 3955 1341 4019 et

283 4089 357 4160 prae
388 4089 461 4162 qua
489 4075 618 4138 ceterae
653 4087 778 4139 omnes
813 4067 990 4140 secundas
1023 4071 1145 4161 portes
1178 4073 1338 4161 agerent.

284 4181 515 4256 Occubuerat
540 4184 599 4257 ille
625 4183 748 4279 magni
773 4183 929 4258 nominis
950 4191 989 4257 et
1013 4183 1254 4281 precellentis
1269 4181 1339 4255 vir·

322 4366 336 4408 Ἠ
356 4369 402 4428 Π.
416 4383 436 4427 1.
452 4372 519 4444 328.
680 4371 687 4406 ¹
710 4373 852 4452 l'lrccyd„
866 4372 888 4432 l.
902 4371 923 4432 i.
938 4393 962 4434 o
982 4393 1028 4434 rr.
1189 4373 1204 4414 ¹¹
1224 4372 1300 4436 lbid.
