3094 4898
548 295 762 346 PRAELEOTIO.
787 296 937 344 OOPAVA.
1211 287 1273 350 135

269 441 324 516 De
348 469 388 517 re
418 445 603 532 statuaria,
632 445 829 542 sculptura,
857 451 896 518 et
920 452 998 520 arte
1024 447 1176 543 plastica
1203 446 1273 519 alia

217 559 396 634 sententia
424 561 571 635 serenda
599 571 679 648 est;
715 587 761 635 ex
787 563 856 636 hac
881 570 984 659 parte
1014 564 1145 638 labulae
1175 571 1272 637 certe

217 699 291 748 non
317 676 459 750 desunt.
512 677 658 752 Etenim
684 680 730 752 dc
755 678 905 752 Daedalo
931 680 1023 754 mira
1050 691 1172 754 narrat
1197 679 1273 765 fere

217 801 338 873 omnis
352 800 572 899 antiquitas3
600 808 741 876 statuas
758 803 837 898 ejus
850 803 926 876 vita
944 809 981 876 et
998 815 1102 878 motu
1119 805 1273 878 donatas

215 939 314 1004 esee;
350 943 432 1014 quae
457 921 580 992 tamen
609 917 740 991 fabulis
769 918 935 992 involuta
965 944 1051 993 cum
1082 921 1166 1007 sint,
1196 945 1270 994 non

214 1055 361 1127 prorsus
386 1036 611 1130 aspamanda
636 1058 767 1109 censeo
779 1067 788 1123 3
822 1034 934 1109 luisse
957 1036 1068 1112 etiam
1094 1038 1272 1134 imagines

217 1149 379 1224 Deorum
404 1152 463 1224 vel
488 1151 749 1249 antiquissimis
782 1153 1008 1256 temporibus
1039 1155 1127 1228 satis
1157 1163 1270 1252 patet.
1318 1223 1329 1240 ,

217 1263 273 1340 De
290 1267 405 1362 effigie
422 1267 597 1342 Minervae
615 1267 801 1342 Homerus
815 1277 830 1306 ³³
844 1301 906 1341 :-

377 1424 464 1476 Θιῖνοι
476 1419 616 1491 Ἀθηναίης
629 1422 671 1478 inl
684 1421 810 1496 γούνασιν
823 1420 954 1493 ἠϋκόμοιο.

218 1551 319 1636 Quin
336 1561 372 1627 et
390 1555 444 1628 illi
460 1555 608 1630 Alcinoi
625 1557 785 1651 argentei
804 1561 842 1630 et
859 1558 958 1630 aurei
976 1565 1108 1631 canesy
1124 1549 1186 1620 τ-’-

375 1707 512 1766 'sendra
525 1713 567 1766 καὶ
580 1710 682 1784 ἆγήρας
696 1715 779 1782 ἤματα
792 1713 883 1767 πάντα·

216 1849 254 1915 et
271 1844 433 1939 ejusdem
451 1845 555 1942 pueri
573 1870 618 1920 ex
636 1870 725 1919 auro
748 1847 906 1935 conficti,
925 1853 963 1920 et
980 1848 1094 1944 ipsius
1116 1845 1272 1920 Vulcani

139 2025 145 2041 ,
218 1960 460 2033 ancillae¹:-

380 2114 514 2188 Χρύσειαι,
529 2119 610 2187 ζωῇσι
623 2117 738 2188 νεήνισιν
752 2118 877 2172 εἰοικυῖαι.

376 2217 426 2282 Tp's
439 2213 467 2269 ἐν
478 2213 526 2284 μὲν
539 2217 597 2270 νόος
611 2215 669 2269 ἐστὶ
682 2216 747 2284 μετὰ
760 2215 867 2286 φρεσὶν,
885 2215 912 2269 ἐν
926 2215 954 2270 δι’
969 2215 1011 2269 καὶ
1023 2213 1088 2282 αὐδὴ

379 2310 428 2364 Kal
443 2309 545 2380 σθίνοο,
558 2309 693 2366 ἀθανάτων
706 2310 733 2366 δὲ
748 2309 814 2366 θεῶν
826 2310 879 2376 rino
893 2311 957 2382 ἔργα
969 2307 1072 2366 ἰἀοοιν·

216 2435 345 2508 fabula
379 2449 467 2510 sunt
501 2440 618 2512 aetatis
652 2463 727 2512 rem
758 2463 892 2513 novam
923 2437 1090 2511 mirantis
1120 2443 1156 2512 et
1187 2461 1273 2511 oum

217 2561 367 2647 stupore
393 2554 582 2641 intuentis
608 2579 689 2653 quae
715 2563 840 2629 tamen
865 2579 904 2629 re
930 2555 1095 2629 nondum
1125 2553 1275 2626 inventa

216 2671 262 2744 ab
276 2673 355 2766 ipso
368 2672 480 2746 Poeta
492 2673 686 2770 excogitari
699 2697 773 2747 non
786 2673 991 2771 potuissent
1004 2705 1015 2760 3
1044 2671 1272 2770 nequeenim

216 2787 424 2884 frequenter
443 2790 525 2864 rhaec
552 2796 720 2886 portenta
745 2791 843 2886 apud
874 2790 1079 2864 Homerum
1109 2787 1273 2861 invenias

218 2906 282 2977 sed
312 2907 467 3002 sparsim
494 2913 532 2980 et
561 2908 843 3004 haudquaquam
877 2914 1013 2979 temere
1047 2905 1272 3001 interposita.

220 3020 331 3105 Quod
356 3022 386 3094 si
414 3022 679 3100 Historicorum
704 3023 924 3098 testimoniis
950 3023 1039 3096 fides
1069 3021 1274 3095 adhibenda

177 3119 185 3128 ’
218 3138 277 3224 sit,
296 3139 355 3211 vel
372 3138 630 3214 nihilomnino
648 3142 853 3238 velparum
877 3141 914 3214 in
938 3140 1007 3212 hac
1031 3163 1069 3211 re
1095 3139 1274 3236 progressi

218 3262 305 3331 sunt
323 3257 441 3332 Graeci
455 3291 464 3348 ;
493 3266 517 3296 “
531 3259 714 3333 Marmore
729 3261 964 3356 scalpendo,''
985 3258 1104 3353 iuquit
1118 3258 1273 3346 Plinius,

219 3377 362 3474 “primi
378 3376 625 3452 inclaruerunt
645 3378 827 3475 Dipoenus
850 3389 888 3453 et
913 3377 1042 3475 Scyllis
1067 3379 1271 3466 Cretenses,

220 3492 438 3591 Olympiade
465 3497 608 3570 circiter
635 3521 668 3568 n.
682 3499 732 3583 ','’
754 3496 830 3593 (qui
847 3495 959 3592 igitur
977 3519 1050 3568 non
1068 3494 1137 3568 nisi
1156 3506 1269 3568 meta-

219 3610 377 3706 phorice,
394 3622 436 3685 ut
454 3613 496 3686 fit
514 3637 788 3710 nonnunquam,
808 3613 946 3690 Daedali
961 3611 1129 3708 discipuli
1144 3635 1275 3684 vocan-

152 3807 167 3818 ,
219 3736 280 3799 tur
289 3723 340 3821 b);
375 3753 585 3825 quanquam
609 3739 645 3803 et
668 3731 745 3826 ipse
771 3730 920 3804 dubiam
944 3728 1125 3824 quandam
1149 3735 1187 3799 et
1210 3729 1274 3799 ob-

220 3935 245 3976 c.
262 3936 295 3987 ις
311 3913 370 3974 alio
381 3915 413 3974 in
425 3915 500 3984 loco,
510 3915 531 3976 l.
544 3936 628 3976 xxxv.
645 3937 671 3977 c.
684 3927 726 3990 36.
808 3925 818 3958 ⁷
842 3915 896 3976 Od.
912 3928 947 3973 Η.
962 3939 1003 3988 9⁴·

220 3993 258 4054 ud
269 3994 454 4054 Gaudentem
464 3995 510 4054 vel
519 3999 637 4055 aetutem
650 3995 727 4056 Can·
808 4003 817 4026 ¹
839 3995 880 4054 Il.
898 4007 926 4054 Σ.
942 4007 1001 4064 418.

221 4074 310 4133 dante
322 4074 447 4152 priorem
459 4094 520 4133 reru
530 4076 639 4134 referre
649 4075 726 4136 vide·
811 4083 822 4106 ¹
842 4075 922 4134 Plia.
940 4075 1022 4133 Hiar.
1037 4074 1121 4144 illut,
1136 4071 1154 4130 l.
1171 4074 1274 4135 xxxvi.

222 4161 282 4221 tur,
297 4153 346 4212 serl
362 4153 532 4232 argumenti
554 4155 649 4214 nostri
667 4175 728 4215 non
768 4175 792 4215 c.
809 4177 842 4226 ⁴³
865 4154 922 4212 vid.
940 4155 1029 4212 etiarn
1051 4152 1138 4212 Clam.
1156 4154 1240 4214 Alea.

220 4233 359 4290 interest.
809 4235 821 4268 '³
843 4233 984 4308 Panaca,
999 4231 1018 4290 l.
1035 4233 1065 4291 ii.
1081 4255 1105 4292 c.
1128 4259 1165 4307 ¹5·

261 4319 272 4344 ¹
294 4312 334 4371 II.
352 4325 379 4372 Z.
396 4337 437 4387 92.
