3058 4908
437 331 654 382 rammam
672 332 980 394 DECIMA-QUAM&
1182 329 1247 392 243

190 502 325 576 habeat
347 527 428 601 quae
452 503 491 577 in
515 528 554 578 se
577 495 833 613 existunt-dv
854 532 890 576 τι
917 499 956 578 ἐκ
982 498 1166 580 πλείονων
1189 504 1257 602 ἕνη

191 619 576 728 υπαρχόντων“-Ιιεε
602 646 725 708 autem
751 641 873 732 partes
899 661 1044 711 necesse
1070 646 1126 712 est
1151 641 1246 737 posi·

191 749 326 822 tionem
352 751 446 824 inter
465 776 504 825 se
526 753 669 826 habere.
723 749 835 836 Quod
861 753 958 826 enim
983 755 1144 851 partium
1168 767 1246 829 tan-

192 874 273 938 tum
296 869 500 964 congeriem
523 869 632 943 habet
654 877 753 943 recte
778 870 875 966 apud
899 868 1047 945 Graecos
1074 873 1246 947 distincto

191 994 339 1069 nomine
355 1004 508 1071 vocatur
524 987 568 1071 τὸ
588 997 675 1088 πᾶν,
693 999 771 1096 pari
791 1000 899 1073 modo
916 1026 1055 1088 vocem,
1074 988 1117 1072 τὸ
1136 987 1247 1072 κόλο-

191 1121 276 1210 βον,
296 1125 394 1220 quod
417 1125 588 1199 mutilum
612 1133 679 1214 est,
700 1151 774 1200 non
797 1126 843 1198 de
866 1127 994 1221 quovis
1013 1152 1246 1223 usurpamus

194 1239 256 1311 sed
283 1241 328 1313 de
355 1240 417 1315 illo
448 1241 546 1339 quod
569 1241 705 1316 Totum
733 1253 800 1331 est,
824 1249 930 1316 etex
959 1243 1123 1340 partibus
1151 1269 1248 1317 com-

193 1356 344 1450 ponitur
371 1383 525 1454 quarum
560 1361 711 1454 singulae
746 1361 842 1433 inter
871 1383 910 1432 se
939 1360 1156 1456 positionem
1186 1361 1248 1434 ha»

192 1471 312 1545 bent¹.
365 1473 446 1554 Erit
467 1476 578 1572 igitur
594 1476 730 1571 Totum
748 1476 834 1550 artis
858 1471 949 1573 opu's
967 1477 1125 1574 aliquod,
1145 1477 1175 1549 si
1202 1502 1248 1560 ex

192 1588 381 1686 principio,
412 1593 532 1686 medio
559 1604 595 1667 et
623 1593 696 1666 fine
722 1578 792 1666 rite
820 1593 993 1666 ordinatis
1023 1601 1060 1667 et
1088 1594 1182 1667 inter
1208 1619 1248 1669 se

192 1708 403 1804 compositis
437 1718 589 1785 constet.
656 1709 859 1783 Aristotelis
890 1711 1165 1807 explicationem
1196 1737 1249 1785 re·

193 1824 307 1920 spicio
325 1852 397 1923 quo
414 1828 506 1901 nihil
523 1828 643 1922 uerius
661 1834 726 1900 aut
742 1827 856 1923 magis
875 1836 1112 1924 accuratum⁸.
1156 1827 1247 1900 Orn-

191 1940 258 2029 uis,
278 1941 406 2039 inquit,
421 1945 652 2041 pulchritudo
670 1950 708 2019 et
725 1943 903 2040 elegantia
918 1970 964 2017 ex
982 1945 1122 2018 duabus
1139 1945 1247 2018 rebus

191 2059 337 2155 pendet,
356 2084 401 2134 cx
427 2062 541 2135 totius
565 2060 814 2158 magnitudine
838 2071 874 2135 et
900 2085 948 2133 ex
970 2063 1130 2158 partium
1154 2061 1247 2135 ordi-

191 2189 348 2276 natione,
380 2177 424 2261 τὸ
461 2179 579 2263 καλὸν
613 2186 653 2262 ἐν
687 2179 837 2284 μεγέθει
873 2185 934 2260 καὶ
969 2179 1075 2286 τάξει
1109 2184 1214 2263 ἐστὶν
1225 2199 1245 2260 2.

190 2303 484 2401 Magnitudineni
510 2307 1018 2404 attigimuS‚nuucpa1tium
1046 2305 1248 2406 dispositio·

190 2447 273 2496 nem
298 2431 477 2521 quatenus
499 2434 617 2518 toturn
642 2424 816 2522 quiddam
843 2426 1030 2522 complent
1046 2425 1246 2499 videamus,

193 2539 250 2614 Sit
276 2539 387 2638 igitur
412 2567 572 2635 necesse¹
585 2547 640 2616 est
666 2541 884 2639 principium
913 2566 976 2614 seu
1004 2548 1184 2637 punctum
1209 2540 1246 2614 in

191 2682 265 2755 quo
295 2664 469 2756 tanquam
502 2658 541 2732 in
571 2660 634 2732 illo
666 2659 763 2756 quod
792 2659 951 2754 primurn
982 2664 1039 2730 est
1072 2655 1247 2730 consistat

193 2773 346 2863 animun,
367 2782 404 2848 et
429 2776 526 2850 unde
551 2801 699 2849 cursum
726 2800 835 2849 suum
861 2774 1019 2872 incipiat,
1039 2799 1123 2872 quo.
1137 2773 1249 2869 igitur

193 2891 285 2964 nihil
318 2899 448 2966 natura
481 2875 582 2989 prius
613 2899 681 2981 est,
714 2893 842 2966 saltem
877 2915 948 2988 qua
982 2888 1100 2989 operis
1134 2891 1249 2966 nostri

190 3007 411 3105 principium
428 3017 495 3097 est,
514 3011 612 3107 quod
639 3009 748 3082 etiarn
767 3009 812 3082 ad
838 3016 968 3084 caetera
988 3031 1106 3082 causae
1123 3010 1244 3082 locum

190 3125 322 3199 habere
348 3127 466 3214 debet,
494 3127 545 3199 ita
571 3133 668 3200 certe
699 3136 942 3224 comparatur,
969 3132 1012 3199 ut
1041 3127 1086 3199 ab
1112 3127 1174 3199 illo
1200 3127 1246 3199 ad

190 3243 261 3315 alia
278 3243 445 3339 progredi
467 3242 660 3339 possimus.
715 3243 855 3317 Contra
876 3248 1022 3339 peracto
1043 3245 1121 3339 jam
1138 3268 1247 3317 cursu

191 3383 260 3432 suo
277 3359 375 3432 aliud
392 3369 570 3456 punctum
588 3335 739 3457 requirit
758 3359 912 3447 animus,
926 3358 965 3431 in
982 3385 1054 3456 quo
1073 3371 1246 3457 tanquam

192 3472 231 3546 in
248 3473 321 3545 fine
344 3473 588 3569 conquiescat,
608 3498 681 3570 quo
708 3473 800 3545 nihil
823 3483 955 3546 natura
978 3472 1157 3570 posterius
1177 3483 1244 3560 est,

190 3615 276 3664 oum
295 3591 341 3664 ad
366 3614 407 3664 ec
432 3616 512 3688 quae
537 3589 783 3688 praecesserint
810 3591 960 3664 effectus
986 3590 1105 3663 locum
1123 3589 1244 3676 habet,

191 3712 302 3803 atque
328 3706 432 3779 istius
451 3707 549 3804 quod
567 3705 734 3779 ultimum
754 3716 821 3779 est.
872 3704 908 3777 A
925 3703 1105 3800 Principio
1122 3709 1245 3775 autem

189 3823 236 3896 ad
254 3821 380 3918 Finem
398 3823 662 3898 deveniendum
687 3832 741 3897 est
764 3848 829 3920 per
846 3823 908 3906 illa
932 3845 1012 3919 quae
1028 3821 1172 3917 utrique
1190 3819 1244 3893 in-

189 3941 391 4030 tercedunt,
421 3966 501 4041 quae
535 3940 657 4016 omnia
683 3941 729 4014 ab
764 3940 836 4014 hoc
870 3951 1046 4034 tanquam
1079 3962 1102 4011 a
1135 3961 1246 4012 causa

228 4191 240 4231 ε
255 4181 392 4318 6Arictot.
412 4161 594 4261 Metaplrpc.‚
614 4176 636 4239 l.
655 4177 692 4237 ir.
777 4191 786 4294 ἱ
806 4181 934 4319 ssriqclot.
950 4179 1045 4250 Poct,
1060 4197 1086 4240 c.
1099 4133 1131 4254 ¹7.

689 4450 753 4519 1³2
