3058 4908
286 357 353 422 210
589 367 805 416 emeseno
824 365 1049 414 ouoonomr.

286 517 474 612 clymenus
490 515 604 589 Vates
621 515 766 589 lectoris
790 516 952 589 animum
969 513 1190 614 perstringit,
1208 514 1348 588 ineerta

286 639 397 728 atque
413 633 503 704 adeo
521 633 600 705 dira
617 656 821 706 memorans
840 632 973 706 futurae
990 631 1122 727 stragis
1139 631 1292 704 iudicia:

439 795 474 856 ’A
488 801 580 868 δειλοὶ,
596 801 622 854 ri
636 803 714 854 κακὸν
726 801 786 854 τόδε
798 801 935 870 πόσχεπες
955 799 1027 853 varri
1038 799 1087 866 μείν
1100 796 1185 866 ὖμόειν

443 894 569 951 Enim
583 889 699 966 κεφολοό
710 917 739 948 τε
751 897 881 966 πρόσυπό
893 916 923 948 τε
936 893 1013 966 νέρθό
1026 915 1055 948 τε
1068 897 1157 964 γοῦνα,

446 992 553 1064 Οἰμωγὴ
567 993 595 1047 δι’
609 991 695 1059 δέδηε,
709 991 875 1062 δεδάκρυνται
888 990 917 1044 δι’
930 990 1041 1062 παρειαί·

446 1086 540 1158 Αἶμοτι
553 1085 578 1143 δ’
593 1086 731 1160 ε’ρῤόδοεοι
743 1090 839 1158 τοῖχοι,
853 1085 931 1141 καλοί
942 1108 972 1140 τε
984 1087 1124 1158 μεσόδμαι·

445 1185 570 1240 attona,
583 1185 611 1238 oi
625 1185 707 1239 πλέον
719 1183 862 1256 πρόθυρον,
874 1183 952 1250 πλείη
965 1183 994 1237 δὲ
1008 1183 1050 1236 καὶ
1063 1181 1138 1251 οὖλη,

446 1279 566 1350 'Irpinus
577 1279 724 1351 Ἔρεβόσδε
737 1281 787 1335 ὑπὸ
802 1281 892 1351 ζόφου·
913 1277 1007 1349 ἢόλιος
1019 1279 1047 1332 δι’

446 1375 563 1450 Οὐρανοῦ
576 1375 740 1445 ἐξαπόλωλε,
754 1375 852 1446 notri&
866 1375 1034 1448 ἐπιδέδρομεν
1047 1371 1162 1446 όχλός“.

291 1524 382 1599 Haeo
407 1527 504 1600 enim
532 1527 655 1602 omnia
682 1553 728 1601 ex
757 1529 889 1624 quibus
917 1533 1021 1601 “nec
1049 1525 1214 1600 miserius
1241 1525 1347 1622 quid-

290 1667 401 1739 quam
426 1643 574 1718 homine
598 1669 666 1717 neo
692 1643 916 1742 superbius”
940 1645 1153 1741 pronuntiat
1170 1641 1310 1715 Plinius
1320 1649 1346 1746 ⁰,

288 1759 532 1835 instrumenta
545 1769 633 1836 sunt
646 1787 726 1860 quae
743 1763 794 1835 rei
805 1762 960 1837 Poeticae
973 1745 1123 1835 felioiter
1134 1760 1345 1847 inserviant,

289 1901 335 1949 ex
361 1878 493 1974 quibus
509 1881 568 1952 vel
594 1879 632 1951 in
658 1903 761 1975 spem
787 1879 875 1975 erigi
893 1880 951 1952 vel
976 1879 1175 1952 terroribus
1200 1875 1348 1972 infringi

289 1999 410 2091 potest
435 1996 587 2070 animus.
642 1995 744 2081 Quin
770 2001 808 2068 et
832 1997 972 2070 rituum
997 1995 1194 2102 solennitas
1219 2004 1256 2067 et
1278 1995 1347 2066 fre-

289 2111 438 2207 quentia
454 2111 610 2186 Poetiois
635 2113 938 2210 descriptionibus
961 2114 1084 2186 locum
1102 2111 1223 2186 dabat.
1274 2110 1348 2184 Ao·
1430 2185 1435 2196 ,

289 2227 386 2299 cedit
414 2229 506 2302 illud
534 2230 656 2316 etiam,
688 2229 788 2324 quod
818 2229 935 2302 Graeoi
965 2228 1125 2325 Superos
1156 2251 1243 2301 suos
1273 2251 1349 2299 non

289 2345 387 2416 ultra
411 2344 592 2418 humanos
618 2346 771 2420 affectus
796 2358 834 2421 et
860 2355 992 2420 nostra
1021 2351 1161 2417 naturae
1186 2343 1348 2417 imbecil-

288 2459 428 2532 litatem
448 2462 651 2534 elevabaut.
706 2462 892 2536 Junonem
910 2462 1021 2534 habes
1047 2460 1229 2533 soemineis
1255 2457 1350 2532 odiis

289 2575 476 2651 incensam
488 2601 551 2648 :-

442 2727 482 2784 'H
496 2751 537 2783 τοι
551 2729 608 2800 ἐμοὶ
622 2734 691 2802 τρεῖς
703 2731 751 2800 μὶν
762 2729 834 2786 πολὺ
846 2729 972 2802 ossi-uror
986 2729 1040 2783 εἶσὶ
1052 2729 1159 2796 πόληες,

441 2824 542 2900 Ἀργος
554 2850 583 2882 τε
596 2831 700 2900 Σπόρεη
713 2849 743 2882 πε
756 2829 797 2882 καὶ
811 2829 950 2900 εὐρυάγυια
964 2823 1078 2895 Μυκήνη·

448 2925 498 2980 Τδς
512 2925 660 2997 διόπερσοι,
674 2923 735 2979 ὅταν
747 2947 789 2980 τοι
801 2921 965 2994 όπόχθυποι
977 2922 1038 2994 περὶ
1048 2922 1106 2990 κῆρι
1114 2925 1134 2974 Ρ.

290 3073 449 3148 Martem
470 3077 594 3150 hostili
619 3078 716 3150 rabie
741 3075 1006 3150 saevientemq..
1037 3072 1214 3146 Venerem
1238 3071 1351 3144 etiam

290 3191 418 3263 illicito
431 3193 545 3266 amori
563 3219 712 3290 operam
725 3191 1059 3267 subministrantem
1069 3197 1092 3260 ¹.
1123 3188 1223 3262 Hino
1238 3188 1351 3262 etiam

290 3307 478 3395 adulteria,
502 3309 622 3406 jurgia
655 3321 692 3385 et
726 3310 810 3383 odia
843 3310 939 3382 inter
973 3331 1035 3381 eos
1069 3306 1273 3402 finguntur,
1305 3305 1354 3377 de

292 3424 423 3520 quibus
440 3425 686 3524 Xenophanes
700 3460 763 3500 :-

455 3583 545 3636 Πόνεο
559 3583 628 3640 θεοῖς
640 3582 766 3652 &doum
777 3581 890 3652 Ὀμηρός
903 3578 927 3635 τ’
939 3579 1068 3635 Ἡσίοδός
1082 3601 1110 3633 πε

445 3676 538 3734 'Oura
550 3677 612 3752 παρ’
626 3679 803 3750 ἀνθρώποισιν
814 3677 913 3732 δοεόδεο
927 3677 968 3730 mi
981 3677 1070 3748 ψόγος
1083 3675 1152 3743 ἐστὶ,

453 3773 593 3842 minuis,
609 3773 741 3846 μοιχεόειο
752 3797 782 3829 τε
795 3776 837 3828 καὶ
849 3771 985 3842 όλλῆλους
997 3768 1159 3828 ἀπόειπ’.

296 3914 387 3990 Quae
412 3941 509 4007 oum,
528 3929 583 4006 ut,
603 3917 653 3992 ait
670 3916 808 3990 Plinius
816 3913 841 4004 ξ
860 3939 968 4012 super
985 3939 1134 3989 omnem
1159 3912 1354 4011 impuden-

333 4139 345 4162 “
370 4131 471 4210 Odyrr.
487 4145 518 4190 Υ.
536 4149 602 4209 351.
880 4139 889 4163 ¹
911 4127 987 4190 lbid.
1003 4143 1033 4190 Γ.

332 4215 344 4240 ⁰
365 4209 462 4277 Plu..
476 4211 554 4271 Eut.
567 4212 651 4284 Not,
662 4209 681 4270 l.
693 4209 723 4269 ii.
733 4231 759 4270 o.
771 4226 817 4288 7.·
880 4217 889 4241 ¹
909 4209 1043 4286 Xenopt.
1059 4229 1106 4284 ορ.
1123 4207 1206 4268 sm.
1222 4205 1344 4282 Enrpir.

332 4296 349 4414 ζ
368 4287 527 4425 ἷέἰᾶΔ.Εηι.
881 4289 891 4325 ²
911 4289 1005 4358 Pon„
1015 4287 1098 4348 met.
1112 4284 1229 4358 Non.
1239 4285 1272 4344 ii.
1283 4304 1311 4344 o.
1322 4303 1356 4362 7.
