3094 4898
276 301 340 366 168
610 309 818 360 PRAELEOTIO
843 311 996 362 onoma.

273 469 409 536 metam
434 461 533 536 enim
559 487 664 536 suam
689 462 837 560 attingit
864 463 968 538 hasta
992 489 1076 540 cum
1104 491 1254 544 manum
1272 470 1332 543 vel

272 616 404 689 corpus
421 592 663 681 transfodiat;
691 592 776 666 hinc
798 582 996 689 διαμπερὲς
1021 595 1083 669 isti
1108 598 1244 673 actioni
1267 597 1331 673 ad-

269 709 439 805 junctum
476 734 557 805 quae
592 707 786 783 terminum
829 712 936 806 longe
971 715 1209 809 superaverit.
1273 715 1331 790 Ex
1471 734 1478 742 ·

272 840 400 912 eodem
417 840 519 913 fonte
536 845 729 937 promanat
745 826 872 934 πόρος,
886 839 1036 915 diversis
1050 844 1198 942 quidem
1212 845 1332 919 modis

271 965 500 1054 usurpatum,
516 959 579 1032 sed
597 981 832 1033 communem
846 956 980 1054 ubique
997 959 1147 1056 stirpem
1160 962 1330 1050 referens,

273 1074 438 1184 designat
463 1075 559 1149 enim
585 1077 797 1150 facultatem
818 1077 1001 1171 quandam
1025 1079 1239 1153 transeundi
1260 1086 1331 1153 ter-

272 1191 415 1264 minum
436 1198 474 1267 et
497 1192 527 1266 si
550 1192 619 1266 iste
641 1192 819 1266 terminus
841 1192 979 1265 flumen
1006 1195 1067 1282 sit,
1086 1182 1331 1271 est'fluminis

272 1322 458 1410 transitus,
477 1309 594 1417 πόρος
610 1307 843 1416 Ἀλφεῖοιο“,
862 1323 921 1394 vel
945 1329 1002 1396 est
1027 1322 1106 1420 ipse
1123 1325 1248 1398 alveus
1265 1349 1332 1422 per

272 1463 382 1535 quem
399 1439 514 1513 fertur
526 1439 685 1522 flumem
706 1461 805 1525 mox,
820 1437 898 1535 pari
914 1463 1034 1534 prore
1047 1439 1189 1514 diversa
1206 1463 1328 1529 sensu,

174 1553 178 1560 ’
272 1569 424 1643 humani
442 1571 605 1666 corporis
623 1568 846 1667 spiramenta
856 1601 866 1657 ;
889 1593 976 1643 mox
988 1555 1100 1664 πόροι
1111 1559 1329 1666 χρημάτων,

271 1686 364 1758 ratio
399 1687 651 1782 comparanda
686 1685 849 1783 pecuniae
879 1711 944 1782 per
974 1702 1084 1782 quam
1113 1686 1160 1758 ad
1191 1688 1332 1784 majora

269 1817 469 1905 transitum
497 1816 582 1890 hinc
600 1807 751 1911 sinapio,
778 1841 902 1890 rerum
924 1816 1056 1914 inopia,
1082 1840 1237 1915 quarum
1260 1842 1331 1915 ope

269 1932 423 2007 ulterius
441 1935 704 2006 transeundum
721 1940 789 2021 est,
809 1958 873 2007 seu
898 1933 938 2006 in
955 1935 1085 2007 itinere
1109 1937 1328 2031 peragendo,

271 2075 336 2124 scu
363 2051 401 2123 in
426 2050 581 2148 publicis
612 2051 780 2148 negotiis,
810 2075 875 2125 seu
904 2051 1000 2125 inter
1024 2050 1328 2125 ratiocinandum.

272 2167 342 2241 Est
379 2168 417 2240 in
452 2169 616 2264 quolibet
649 2191 758 2241 sensu
792 2167 970 2242 terminus
1007 2192 1117 2264 quem
1159 2193 1330 2264 superare

270 2317 346 2367 non
370 2317 493 2390 queas.
546 2293 628 2367 Pari
649 2318 758 2368 sensu
775 2301 975 2391 usurpatur
990 2294 1144 2368 verbum
1167 2285 1329 2389 ἀπορέω.

190 2423 193 2428 ’
273 2420 369 2495 Sunt
402 2427 528 2496 autem
557 2420 722 2494 homines
755 2410 994 2515 πανταχόθεν
1026 2409 1163 2514 ἄποροι
1195 2421 1330 2516 quibus

271 2540 371 2611 nulla
383 2540 461 2635 jam
478 2538 609 2635 agendi
626 2539 781 2611 facultas
799 2543 921 2611 restat.
968 2534 1068 2609 Huic
1084 2560 1131 2608 ex
1147 2537 1331 2610 contraria

270 2676 372 2764 parte
398 2666 592 2764 respondet
616 2655 781 2759 εὐπορία,
800 2664 864 2736 ubi
889 2663 1122 2759 inpromptu
1147 2670 1235 2736 sunt
1262 2689 1328 2762 per

271 2819 351 2892 quae
373 2792 541 2891 progredi
565 2791 692 2889 possis,
713 2789 842 2864 deinde
864 2777 1016 2885 πορίζω,
1041 2813 1163 2862 rerum
1185 2790 1327 2887 copiam

269 2919 398 3006 faeere,
430 2905 569 3014 πόρους
599 2917 805 3014 excogitare
840 2917 898 2990 vel
928 2915 1098 3011 praebere,
1128 2917 1227 2990 unde
1256 2901 1329 2988 πό-

269 3070 404 3141 ρισμα,
424 3045 655 3120 corollarium
681 3043 742 3118 cui
764 3043 817 3116 rei
840 3042 1132 3116 demonstrandas
1154 3043 1248 3116 ratio
1274 3044 1330 3116 in-

269 3181 379 3246 venta
404 3184 471 3262 est,
493 3163 685 3270 πορσόνω,
705 3173 895 3248 facultates
920 3170 1183 3260 administrare,
1208 3157 1328 3268 πόρω,

271 3292 417 3365 easdem
434 3290 679 3390 suppeditare.
784 3383 788 3390 ι

428 3441 632 3513 -μαποσόνην
644 3443 692 3513 τόν
704 3445 729 3498 οί
743 3447 808 3516 πόρε
822 3445 920 3510 Φοῖβος
931 3442 1101 3500 Ἀπόλλων’.

268 3571 487 3678 πορεύομαι,
505 3581 601 3656 inter
622 3582 924 3680 proficiscendum
941 3583 1071 3658 iisdem
1093 3583 1162 3670 uti,
1180 3573 1327 3675 nepeta,

269 3698 347 3796 ipse
377 3701 573 3773 earundem
598 3723 711 3788 usus;
752 3701 906 3774 eandem
935 3695 1220 3795 transgrediendi
1255 3703 1327 3771 ter·

269 3831 412 3902 nonum
437 3829 649 3904 facultatem
679 3837 822 3926 spectat
854 3816 1035 3926 πορθμός,
1066 3815 1204 3902 fretum
1229 3827 1329 3924 quod

269 3961 373 4033 facile
406 3960 552 4034 transiri
585 3969 720 4058 potest,
756 3975 794 4035 et
821 3943 1031 4054 βόσπορος,
1061 3925 1196 4032 fretum
1229 3956 1327 4054 traji-

269 4090 398 4166 ciendo
426 4094 550 4188 pecori
573 4093 768 4182 idoneum;
797 4117 844 4166 ex
869 4091 995 4164 eadem
1019 4089 1156 4187 origine
1182 4097 1239 4162 est
1263 4075 1328 4178 ἔμ-

268 4242 396 4312 πορος,
416 4217 478 4315 qui
498 4219 709 4294 facultatem
726 4221 836 4295 habet
852 4218 1060 4316 navigandi,
1073 4228 1109 4293 et
1127 4215 1327 4292 recentiore

388 4375 396 4398 '
417 4365 461 4425 Il.
478 4380 508 4426 Β.
523 4385 591 4442 49²·
983 4375 992 4399 ¹
1012 4363 1092 4426 Ibid.
1108 4379 1139 4426 Α.
1158 4383 1204 4448 72.
