3096 4886
279 247 323 312 2⁸
492 297 497 308 .
597 269 811 321 emmeno
830 270 1006 322 moninus.

279 415 469 513 Ingentem
495 414 563 490 sibi
588 419 741 493 classem
762 414 986 516 comparavit
1003 416 1267 516 Agamemnon,
1295 435 1333 499 et

278 533 415 608 insulas
441 534 618 631 quasdam
639 557 714 608 suae
741 534 889 608 ditionis
914 533 1033 610 fecit&
1087 535 1160 611 Sed
1187 541 1332 635 qualem

279 650 454 725 clesseml
480 648 520 722 in
546 673 618 747 qua
646 648 784 724 scilieet
808 650 942 724 milites
971 650 1042 748 ipsi
1066 653 1292 751 remigabant
1302 664 1331 744 ¹¹,

278 789 397 864 neque
429 766 549 840 adhuc
582 767 801 841 constratis¹
834 766 989 842 novibus
1022 769 1241 845 utebantur:
1270 795 1332 846 ne-

278 905 350 980 que
374 883 436 956 illu
460 883 652 957 decantata
667 882 806 957 Minois
823 884 958 971 eleusin,
978 909 1057 980 quae
1084 891 1207 961 totum
1233 912 1333 963 mare

279 999 451 1094 AEgaeum
476 998 603 1072 victrix
628 998 844 1096 peragravit,
869 998 959 1072 velis
985 1001 1193 1097 agebatur’.
1246 1005 1333 1078 Jam

279 1125 360 1189 tum
389 1139 476 1191 vero
504 1114 644 1188 Troicis
674 1114 898 1213 temporibus
925 1140 970 1189 ex
995 1141 1119 1191 rerum
1145 1122 1332 1195 navalium

277 1253 349 1305 usu
377 1231 576 1305 Corinthus
614 1255 701 1328 opes
737 1232 806 1305 sibi
840 1233 1087 1328 comparavit;
1114 1257 1226 1331 quom
1260 1239 1331 1312 sci-

277 1359 363 1436 licet
385 1359 567 1436 Homerus
592 1370 699 1434 vocat
715 1347 904 1457 ἀφνειὸν.
959 1358 1091 1456 Neque
1114 1361 1196 1436 illos
1223 1365 1332 1440 audio

277 1474 339 1573 qui
355 1475 489 1550 idcirco
505 1478 716 1572 opulentam
737 1473 850 1549 fuisse
867 1474 1086 1549 Corinthum
1108 1477 1329 1568 existimant,

277 1592 450 1689 quoniam
475 1616 541 1690 per
564 1591 665 1666 illam
692 1590 811 1666 aditus
838 1592 878 1664 in
908 1590 1201 1688 Peloponnesum
1236 1606 1332 1672 terra

277 1709 441 1782 dabatur.
494 1707 591 1781 Rara
623 1706 758 1780 etenim
792 1705 941 1781 fuerunt
973 1731 1016 1782 ea
1050 1717 1266 1806 tempestate
1293 1719 1332 1787 et

276 1823 478 1922 periculosa
505 1822 688 1898 terrestria
713 1824 851 1896 itinera.
905 1823 1013 1898 Unde
1038 1823 1256 1902 Plutarchus
1285 1831 1331 1904 de

276 1951 408 2026 Thesei
434 1951 657 2049 temporibus
670 1938 778 2042 ε-ἦν
795 1943 861 2022 οὖν
878 1943 1049 2046 ὀλέθριος
1065 1943 1088 2042 ἡ
1105 1945 1238 2050 πορεία
1254 1957 1332 2036 τοῖς

275 2070 458 2175 Ἀθήναζε
469 2069 562 2177 πεζῇ
578 2069 799 2174 βαδίζουσιν
809 2073 850 2151 ἐκ
864 2069 1192 2172 Πελοποννήσου“.
1221 2077 1330 2155 Quae-

276 2222 362 2272 narn
379 2207 501 2271 eutem
518 2196 580 2269 illa
601 2200 814 2281 mercatura,
833 2194 897 2268 ubi
913 2195 972 2268 via
994 2195 1040 2269 ab
1065 2195 1153 2293 ipsis
1169 2194 1327 2270 Athenis

276 2314 322 2387 ad
339 2313 629 2410 Peloponnesum
645 2313 828 2385 latronum
845 2309 983 2384 insidiis
1001 2315 1038 2384 et
1060 2311 1199 2409 injuriis
1216 2312 1326 2385 inses-

275 2431 432 2505 tabatur.
485 2429 623 2502 Iisdem
656 2453 702 2502 ex
734 2427 945 2524 Thucydide
979 2428 1132 2504 diseosl.
1183 2429 1233 2502 Et
1265 2430 1329 2502 illa

276 2544 386 2619 etiam
412 2550 640 2619 socrosancta
666 2543 814 2638 hospitii
835 2543 918 2639 jura
942 2542 1074 2618 indicio
1100 2550 1187 2618 sunt
1216 2569 1327 2642 quam

275 2663 344 2735 fuit
370 2661 513 2736 difficile
537 2671 574 2734 et
599 2659 724 2756 magni
741 2658 872 2732 laboris
892 2657 931 2730 in
953 2665 1095 2734 exteras
1111 2667 1225 2734 terras
1243 2662 1327 2736 hinc

275 2779 359 2853 inde
375 2783 602 2854 commeare⁰
615 2807 677 2850 :-

395 2964 437 3038 'rp
451 2967 496 3018 νῦν
508 2963 554 3018 ool
567 2963 614 3032 pin
627 2961 678 3034 r‘yd
692 2961 776 3030 ξεῖνος
789 2961 870 3033 φίλος
878 2959 974 3034 Ἄργεϊ
985 2963 1079 3036 με’σσφ

394 3055 463 3122 utut·
485 3054 520 3110 ot
533 3051 558 3110 δ’
573 3055 601 3109 ἐν
614 3048 702 3126 dunig,
716 3051 759 3108 ὅτε
772 3074 817 3108 κεν
828 3059 879 3108 rhu
892 3053 974 3123 δῆμον
986 3051 1088 3123 ἵκωμαι.

275 3220 383 3298 Quod
400 3219 511 3316 igitur
528 3243 584 3294 res
602 3221 746 3293 navales
765 3219 975 3293 Graecorum
998 3218 1142 3307 attinet,
1161 3244 1223 3294 cas
1240 3227 1327 3295 ante

273 3341 410 3414 bellum
434 3337 634 3434 Trojanum
659 3337 807 3434 exiguas
835 3337 945 3412 fuisse
980 3335 1235 3432 comperimus,
1263 3339 1327 3412 sed

270 3459 348 3555 jam
373 3457 418 3530 ab
441 3479 486 3529 eo
512 3465 674 3552 tempore
696 3461 822 3528 auctus
847 3477 926 3527 esse
949 3465 986 3526 et
1004 3453 1105 3526 omni
1123 3454 1245 3527 studio
1262 3479 1325 3527 ex-

274 3572 403 3648 cultas.

324 3688 433 3767 Quod
467 3687 561 3764 siin
595 3687 653 3761 his
680 3687 787 3760 rebus
816 3709 1047 3782 progressum
1073 3684 1255 3782 quendam
1289 3695 1326 3759 et

272 3806 476 3903 profectum
501 3805 745 3902 agnoscimus
773 3803 884 3877 etiam
908 3802 948 3876 in
972 3802 1037 3874 illo
1063 3803 1181 3876 multo
1211 3802 1325 3897 magis

311 4036 322 4076 ²
338 4035 439 4113 fluo,
451 4034 471 4094 l.
485 4033 505 4094 i.
520 4055 544 4096 c.
560 4060 595 4111 95
617 4034 662 4096 Il.
674 4049 704 4097 B.
719 4047 773 4098 108.
864 4033 931 4092 ’Π
947 4047 976 4093 Β.
993 4055 1051 4108 570.

312 4127 327 4156 ⁸
341 4115 381 4174 Il.
397 4128 426 4174 B.
443 4135 498 4188 pao.
863 4113 977 4173 'Plus
992 4115 1025 4172 in
1042 4113 1099 4172 Vnt.
1116 4111 1201 4172 Thes.

312 4203 326 4232 ¹
342 4193 442 4266 nuuc,
456 4194 476 4253 l.
492 4192 511 4250 i.
527 4213 553 4253 c.
571 4219 610 4266 ¹4·
863 4191 926 4250 l²L.
942 4194 961 4251 i.
977 4212 1002 4253 c.
1019 4217 1043 4267 ς.

312 4275 481 4344 rPausan,
494 4270 513 4331 l.
528 4273 566 4333 ix.
582 4294 607 4333 c.
627 4299 663 4334 rr.
862 4283 873 4311 ‘
892 4273 916 4331 I
918 4273 938 4332 Ι.
954 4286 982 4332 Z.
999 4298 1055 4346 ²²4·
