3094 4898
308 327 371 389 150
662 336 878 386 emeseno
898 337 1008 386 soon.

305 499 453 572 omnino
479 498 594 571 trado.
655 484 880 592 Πυθαγόρας
902 485 971 590 τὴν
996 491 1083 592 περὶ
1109 483 1227 590 αὐτὴν
1248 493 1362 595 φιλο-

305 617 449 726 σοφίαν
465 623 517 702 ἐίς
540 614 673 721 σχῆμα
696 617 864 702 παιδείας
891 615 1089 721 ε’λενθέρου
1114 617 1363 718 μετέστησεν,
1385 641 1393 652 ”

305 745 446 826 άνωθεν
464 744 530 830 τὰς
549 743 668 850 ἀρχάς
685 746 798 846 αὐτῆς
817 742 1137 846 ἐπισκοπούμενος
1149 742 1177 824 ¹¹.

357 871 401 945 In
417 861 488 946 hoc
506 871 615 967 igitur
632 871 847 944 Geometriae
873 877 973 944 statu
994 895 1141 946 neeesse
1158 878 1215 945 est
1231 871 1362 946 Astro-

304 989 465 1063 nomiam
477 989 587 1062 etiam
599 989 716 1085 ipsam
729 989 859 1062 exilem
878 989 1001 1064 fuisse.
1030 989 1111 1064 Neo
1126 1014 1214 1063 vero
1227 995 1365 1062 temere

303 1107 398 1180 hano
427 1116 541 1179 artem
572 1105 641 1178 sibi
669 1105 855 1179 vindicant
886 1105 1037 1202 antiqui.
1091 1105 1280 1203 Sphaeram
1309 1115 1362 1181 et-

304 1225 403 1298 enim
420 1225 477 1297 vel
496 1221 665 1296 Chironis
691 1229 729 1295 et
745 1223 877 1297 Musaei
903 1246 1013 1320 opera
1038 1223 1225 1297 inventam
1245 1225 1362 1298 habu-

303 1349 423 1430 erunt,
442 1343 502 1415 vel
531 1365 576 1414 ex
602 1340 787 1414 remotiori
812 1340 1031 1437 antiquitate
1056 1343 1221 1438 petitam,
1241 1341 1362 1436 Argo-

305 1453 454 1533 nautic'a
487 1468 586 1534 certe
620 1457 850 1555 expeditione
886 1481 962 1530 non
1002 1459 1253 1532 recentiorem.
1305 1459 1363 1532 Ex

304 1577 430 1650 eadem
460 1577 535 1649 fere
567 1575 714 1671 Sphaera
749 1599 859 1672 quam
893 1599 992 1648 nuno
1026 1576 1200 1650 habemus
1233 1601 1364 1673 prove-

303 1694 412 1766 niunt
428 1693 492 1766 illa
509 1692 663 1765 Homeri
676 1723 739 1766 :—

462 1855 565 1910 ...τά
578 1855 664 1927 τείρεα
676 1856 769 1918 πάντα,
784 1855 816 1909 τά
830 1851 854 1906 τ’
865 1854 974 1926 οὐρανὸς
987 1855 1177 1924 ἐστεφάνωται,
1236 1813 1245 1824 ⁶

461 1951 595 2018 Πληῖάδαε
609 1951 632 2006 θ
646 1951 739 2007 Ὑάδας
752 1973 781 2004 τε
794 1953 825 2004 τό
837 1973 866 2005 τε
880 1949 974 2007 σθένος
987 1949 1115 2030 Ὠρίωνοςι

459 2046 574 2121 Ἀρετον
586 2043 622 2112 θ’,
633 2045 665 2118 ἣν
678 2051 720 2103 καὶ
734 2047 834 2119 άραξαν
848 2049 987 2118 ἐπίκλησιν
999 2051 1149 2111 καλέουσιν,

456 2143 494 2199 Ἦ
509 2143 533 2198 τ’
545 2144 625 2200 αιἰτοῦ
638 2144 781 2217 στρέφεται
796 2145 838 2200 καί
851 2143 873 2198 τ’
886 2142 998 2217 Ὠρίωνα
1011 2142 1120 2212 δαιεῦιι,

462 2239 511 2310 Οἴη
523 2235 549 2298 τ’
561 2241 677 2312 άμρορθτ
690 2241 749 2296 ἔστι
761 2243 878 2312 λοετρῶν
890 2235 1022 2296 Ὠκεανοῖο
1030 2236 1044 2296 ¹.

301 2383 359 2455 En
393 2381 581 2479 signorum
615 2407 690 2455 non
719 2389 866 2455 tantum
900 2383 1060 2470 nomino,
1092 2385 1156 2457 sed
1186 2408 1265 2458 eam
1300 2385 1361 2457 de·

302 2501 534 2598 scriptionem
579 2524 689 2596 quam
734 2523 843 2572 nemo
888 2524 963 2602 non
1005 2501 1137 2574 lubens
1180 2502 1358 2598 agnoseit.

302 2619 461 2692 Eandem
481 2617 818 2725 Sphaeramiterum
836 2619 984 2714 respicit
996 2649 1058 2689 :—

460 2787 643 2866 ῌαρῴσίνονθ’
658 2789 692 2844 ὥς
706 2783 806 2859 άστέρ’,
822 2785 1002 2858 ἐπεσσύμενον
1014 2786 1123 2854 πεδίοιο,

452 2885 502 2942 'Os
514 2885 548 2958 ῥα
560 2883 585 2940 τ’
600 2885 703 2956 ὀπώρης
716 2879 794 2946 εἶσιν,
809 2883 927 2955 ἀρίζηλοι
941 2883 970 2938 δέ
983 2885 1008 2937 oi
1022 2883 1098 2955 αὐγαὶ

462 2984 598 3036 Φαίνονται
611 2982 739 3037 πολλοῖσι
751 2979 807 3050 μετ’
819 2981 936 3052 ἀστράσι
950 2981 1040 3037 νυκτὸς
1052 2979 1168 3054 ἀμολγῷ·

455 3077 507 3132 ’ον
519 3099 548 3132 τε
562 3077 615 3133 κύν’
629 3077 754 3150 Ὠρίωνος
767 3077 907 3146 ε’πίιιλησιν
920 3077 1053 3132 καλέουσι·

460 3177 645 3246 Δαμπρότατος
659 3176 707 3244 μέν
720 3171 759 3230 ὅδ’
775 3177 842 3241 έστὶ,
857 3175 938 3228 κακὸν
948 3171 977 3227 δέ
990 3195 1018 3226 τε
1032 3175 1104 3241 σῆρα
1118 3173 1243 3232 τέτυκται,

461 3270 509 3323 Καὶ
524 3291 552 3323 τε
566 3270 643 3342 φέρει
655 3272 759 3325 πολλὸν
770 3272 882 3344 πυρετὸν
895 3270 1007 3325 δειλοῖσι
1020 3271 1142 3340 βροτοῖσι
1147 3273 1177 3322 ¹²¹.

300 3409 392 3484 Haeo
418 3423 541 3485 antem
558 3413 795 3486 Astronomia
821 3438 896 3487 non
913 3418 1059 3486 tantum
1084 3411 1187 3508 signa
1203 3413 1361 3487 eaelestia

300 3530 525 3616 observabat,
558 3531 622 3603 sed
654 3531 738 3604 vitae
780 3532 891 3604 etiam
934 3532 1121 3618 communi
1152 3530 1358 3632 ,consuluit

299 3645 419 3743 Hujus
437 3671 506 3744 ope
525 3645 638 3720 maiia
654 3646 830 3721 transibat
848 3657 961 3720 naute
973 3669 1036 3718 :-

457 3816 544 3888 Αίνταρ
558 3819 572 3872 ὁ
585 3817 704 3891 πηδαλίῳ
718 3815 819 3872 ἰθύνετο
832 3819 990 3888 τεχνηέντως

454 3910 578 3983 Ἦρενος·
599 3914 658 3968 οὐδέ
673 3915 698 3967 οἱ
712 3911 792 3970 ὕπνος
806 3913 849 3968 ε’πὶ
861 3916 1043 3986 βλεφάροισιν
1056 3915 1148 3969 ἔπιπτε

459 4012 593 4074 Πληϊάδας
605 4008 628 4065 τ’
643 4013 767 4084 έσορῶντι
781 4015 822 4068 καὶ
839 4011 892 4084 ὀψέ
907 4009 1000 4067 δάοντα
1015 4014 1149 4082 naemu.

339 4200 350 4232 ¹
371 4201 496 4294 Procius
518 4203 551 4261 in
575 4203 703 4277 Euclid„
727 4203 747 4262 l.
774 4203 804 4262 ii.
886 4213 904 4236 ω
923 4203 966 4262 Il.
982 4217 1013 4262 Χ.
1033 4206 1078 4262 26.

301 4299 408 4415 plrpil.
425 4372 452 4416 Σ.
468 4364 536 4434 485.
886 4291 900 4322 ¹¹
924 4283 1025 4362 Odyee.
1043 4299 1072 4344 Ε.
1093 4304 1157 4362 270.
