3058 4908
280 311 346 373 248
542 317 753 368 Paeanem
773 317 1077 378 onoma-quanm.

279 488 348 537 res.
401 461 575 536 Desaeviit
591 461 738 534 tandem
756 459 908 533 Achillis
931 460 1061 548 rabies,
1079 470 1189 557 atque
1211 459 1337 532 eadem

279 580 353 653 fere
371 604 452 677 quae
469 579 569 676 prius
586 577 671 651 belli
687 577 796 650 facies
814 577 1058 674 subsequitur.
1105 575 1228 674 Siquid
1245 600 1335 671 prae-

278 703 377 768 terea
399 721 445 769 ex
463 696 520 768 his
542 694 748 790 contigerit,
768 695 799 767 si
823 694 917 767 sorte
933 693 1080 791 Trojani
1103 693 1222 767 occiso
1241 692 1337 765 Heo-

278 827 358 888 torc
388 814 425 886 in
446 815 532 886 belli
560 813 728 911 reliquias
756 812 874 885 minus
896 813 976 909 jam
1004 813 1164 914 valentes
1185 811 1270 898 sint,
1299 821 1338 884 at

277 931 357 1004 haec
375 931 572 1004 remotiora
589 935 688 1016 sunt,
708 929 826 1002 obiter
841 927 965 1025 potius
988 928 1212 1026 designanda
1228 951 1337 1024 quam

278 1049 386 1143 plene
404 1047 695 1120 demonstranda.
749 1047 855 1119 Certe
879 1046 919 1118 in
936 1046 1095 1120 Patrocli
1112 1053 1150 1118 et
1168 1043 1337 1117 Hectoris

278 1162 465 1236 funeribus
493 1170 669 1259 tanquam
697 1164 735 1236 in
762 1165 834 1236 fine
864 1169 902 1236 et
928 1162 1060 1236 ultimo
1087 1161 1192 1236 istius
1219 1183 1338 1234 causae

278 1279 410 1354 effectu
427 1304 507 1378 quae
524 1279 595 1353 toti
618 1281 719 1378 operi
742 1279 844 1354 initia
862 1279 962 1352 dedit
986 1285 1084 1352 recte
1107 1277 1338 1375 conquiescat

278 1397 445 1482 animus3
473 1398 520 1470 ad
545 1397 643 1469 huno
669 1422 785 1494 usque
806 1397 1003 1469 terminum
1025 1396 1188 1492 legitimo
1211 1395 1336 1468 ordine

279 1523 316 1587 et
334 1522 510 1610 perpetua
527 1513 617 1587 serie
635 1515 857 1587 deducimur.

329 1631 420 1704 Esse
447 1631 558 1730 igitur
589 1631 722 1704 iliados
748 1631 906 1704 fabulam
931 1630 1055 1703 Unam
1081 1639 1118 1703 et
1139 1629 1269 1703 Totam
1300 1635 1338 1702 et

279 1747 481 1822 Perfectum
495 1748 686 1822 Actionem
704 1773 750 1822 ex
767 1749 865 1821 nudo
881 1773 1004 1822 rerum
1021 1747 1060 1820 in
1077 1746 1139 1820 illa
1153 1753 1338 1842 gestarum

278 1876 477 1962 conspectu
495 1867 584 1939 satis
604 1872 715 1962 patet.
769 1865 893 1939 Sedet
916 1866 1068 1960 singulae
1095 1871 1216 1962 partes
1233 1874 1336 1937 tanto

279 2007 363 2055 cum
380 1981 533 2055 artificio
556 1992 687 2055 ettam
711 1991 807 2055 arcte
834 1983 929 2056 inter
945 2005 985 2054 sc
1009 1982 1276 2067 consociantur,
1295 1987 1337 2053 ut

279 2099 490 2173 ulteriorem
521 2099 800 2195 explicationem
831 2101 1024 2195 deposcere
1054 2097 1255 2184 videantur,
1282 2107 1336 2172 at·

151 2287 158 2314 ι
280 2240 351 2313 que
370 2216 447 2288 haec
465 2217 662 2313 explicatio
679 2240 721 2288 ex
748 2215 975 2311 singulorum
994 2215 1169 2288 librorum
1186 2213 1337 2311 Analysi

279 2333 435 2428 petenda
453 2343 521 2418 est,
540 2355 621 2428 quae
637 2333 749 2405 etiam
766 2332 924 2428 paratior
941 2332 1009 2405 erit
1029 2337 1067 2404 ct
1089 2330 1291 2429 expeditior
1307 2329 1337 2404 si

279 2449 325 2522 ad
353 2449 454 2522 illam
484 2472 591 2546 quam
622 2449 951 2524 demonstravimus
981 2449 1187 2522 universam
1218 2448 1336 2545 operis

278 2567 432 2639 sormam
458 2573 591 2640 cuncta
615 2565 828 2640 reserantur.
881 2566 989 2640 Hanc
1017 2572 1141 2639 autem
1171 2589 1246 2639 non
1271 2565 1337 2637 dif-

277 2681 362 2756 ficili
386 2685 508 2757 labore
530 2708 597 2779 pro
620 2684 830 2782 aequisque
853 2689 967 2756 eruet.
1021 2683 1140 2756 Nobis
1157 2683 1274 2780 siquid
1292 2683 1337 2754 de

276 2800 346 2874 hac
374 2827 414 2874 re
441 2802 631 2875 dicendum
661 2802 721 2889 sit,
751 2801 820 2875 alio
848 2811 944 2876 certe
972 2793 1136 2898 tempore
1162 2825 1336 2898 peragen-

278 2919 363 2992 dum
381 2931 448 2994 est.
