3058 4902
432 365 647 416 rmnorro
669 365 994 416 necrus-surmus
1178 355 1241 418 291

185 523 223 588 et
252 514 411 610 graviter
441 515 598 588 defixam
629 516 772 602 habere,
804 515 940 588 nudam
974 519 1012 586 et
1045 513 1242 609 simplicem

184 653 307 703 rerum
341 635 563 704 structuram
598 632 766 727 exemplo
796 629 843 702 sit
877 629 953 702 haec
982 629 1061 724 ipsa
1090 629 1242 702 Homeri

185 759 283 833 Ilias.
337 759 482 833 Interea
497 785 585 833 vero
602 761 639 832 in
656 760 762 834 istius
779 757 893 857 pertis
910 782 981 832 usu
999 783 1108 856 quem
1125 747 1243 834 cnidos

185 885 319 949 vocant
340 882 490 967 (mortes
511 877 606 965 dico,
625 879 787 964 vulnera,
806 881 844 948 et
861 881 1011 948 caeteros
1034 899 1161 970 graves
1178 875 1242 948 do·

185 992 293 1080 lores)
310 991 478 1088 frequens
496 997 552 1065 est
569 991 669 1082 Ilias,
684 999 727 1065 ut
740 994 818 1089 ipse
834 1017 902 1066 nos
920 993 987 1066 sub
1005 992 1108 1066 initio
1125 993 1243 1088 operis

187 1108 282 1180 clure
299 1113 425 1180 monet
441 1106 557 1180 Poeta
569 1139 631 1180 :—

425 1258 535 1314 Πολλὰς
548 1257 571 1313 d’
586 1258 711 1329 ἰφθίμους
723 1259 816 1331 ψυχὰς
828 1260 880 1314 otta
893 1253 1028 1332 προΐαψεν

423 1351 540 1426 Ἡρώων.

188 1493 260 1567 Sed
285 1493 323 1568 in
349 1496 457 1584 bello,
475 1507 517 1570 ut
544 1496 588 1568 fit
612 1499 839 1595 plerumque,
859 1499 983 1572 hostili
1006 1523 1117 1571 manu
1143 1497 1242 1572 cadit

185 1611 323 1702 hostis;
364 1616 461 1710 quod
498 1637 614 1712 genus
651 1613 776 1687 mortis
810 1615 960 1688 minime
993 1615 1240 1689 miserandum

186 1733 275 1802 estm
288 1761 350 1802 t·-

661 1860 701 1871 —
714 1833 829 1903 πάσχειν
842 1835 870 1889 δὲ
885 1838 967 1890 κακῶς

423 1951 463 1964 -
476 1923 573 1996 ἐχθρὸν
585 1920 630 1979 tr'
644 1913 747 1997 ἐχθρῶν
759 1925 835 1981 οὐδὲν
845 1926 929 1982 dccxi:
937 1929 959 1979 ¹⁸.

185 2063 332 2160 Adjecit
353 2064 476 2162 itaque
492 2065 605 2140 Poeta
625 2090 667 2139 ea
689 2090 770 2163 quae
788 2068 903 2141 satum
928 2068 1102 2165 cujusque
1126 2065 1241 2163 magis

185 2179 305 2255 flebile
331 2191 367 2255 et
393 2181 635 2256 misericordia
661 2183 811 2280 dignum
837 2186 990 2259 saciant:
1024 2184 1141 2258 modis
1167 2184 1241 2256 lere

185 2296 336 2370 infinitis
360 2297 495 2371 cadunt
518 2297 705 2373 Homerici
728 2301 879 2389 Heroes,
904 2327 1002 2376 nunc
1024 2303 1159 2374 vulnus
1187 2301 1240 2395 ip·

187 2436 270 2486 sum
288 2419 326 2486 et
343 2412 405 2486 teli
428 2413 523 2488 ictus
546 2421 712 2488 accurate
729 2416 955 2505 describitur,
975 2441 1073 2490 nunc
1092 2416 1238 2512 juvenis

185 2553 208 2602 1
223 2537 417 2626 parentum
435 2534 607 2630 amplexu
624 2534 741 2606 avulsi
759 2535 960 2630 deploratio
977 2535 1020 2606 fit
1032 2566 1093 2606 :-

185 2935 295 3010 Nunc
317 2937 527 3010 miserrimae
545 2937 712 3034 conjugis
728 2937 807 3012 viro
825 2938 970 3020 orbate
990 2959 1087 3008 nunc
1104 2934 1235 3008 domus

184 3052 448 3150 patre-lumiliae
470 3054 642 3168 spoliutae.
696 3053 770 3127 Hic
794 3055 919 3152 stirpe,
939 3051 998 3126 hic
1018 3051 1160 3149 opibus,
1181 3049 1240 3124 hic

186 3169 328 3266 magnis
346 3169 543 3245 virtutibus
560 3169 731 3245 inclaruit
743 3203 806 3244 :—

513 3341 594 3398 citos
607 3339 632 3396 δ’
646 3338 678 3410 ἦν
691 3341 852 3414 ἀνθρώποισι
859 3345 881 3395 ¹².

187 3485 261 3558 Hic
283 3483 442 3580 auguriis
468 3489 505 3558 et
528 3483 712 3558 divinandi
738 3491 814 3558 arte
840 3485 958 3558 clarus
984 3507 1091 3557 suum
1116 3488 1240 3554 tamen

185 3600 302 3674 lutum
332 3600 510 3698 depellere
544 3625 619 3674 non
648 3600 792 3697 potuit:
829 3600 1055 3674 omnimodas
1084 3597 1239 3694 denique

184 3717 360 3792 habemus
383 3717 511 3791 mortis
538 3718 644 3791 socies
670 3719 715 3791 ab
741 3717 804 3791 illo
826 3717 864 3790 in
890 3718 1051 3790 tabulam
1077 3714 1239 3789 redactus

184 3833 248 3930 qui
281 3857 323 3906 ea
356 3833 534 3907 intellexit
564 3859 644 3931 quae
674 3833 788 3908 vitem
822 3832 1028 3906 hominibus
1063 3831 1238 3903 cariorem

183 3951 351 4039 reddunt,
370 3957 408 4026 et
433 3953 715 4026 necessitudines
733 3978 754 4027 a
772 3953 905 4050 quibus
931 3976 998 4025 nos
1022 3948 1126 4024 avelli
1144 3973 1237 4044 aegre

184 4066 354 4165 patimur.
407 4069 532 4166 Atque
556 4069 634 4144 haec
661 4069 845 4144 Homerus
876 4069 991 4142 obiter
1016 4065 1238 4165 perstringit,

221 4273 245 4304 ¹¹²
265 4261 337 4324 Vid.
352 4265 449 4326 Arist.
463 4265 557 4334 Post,
571 4284 596 4326 c.
617 4285 661 4340 ¹4·
804 4275 818 4306 ¹¹
839 4266 941 4326 AEsclr.
959 4267 1064 4336 Prom,
1081 4284 1121 4324 sc.
1137 4265 1192 4329 ult.

224 4367 239 4397 ⁰
261 4360 303 4420 Jt.
321 4373 352 4419 Δ.
368 4379 444 4440 4773
467 4375 494 4421 P.
513 4380 578 4439 30²·
939 4371 950 4404 1
971 4361 1049 4422 lbid.
1065 4377 1093 4424 z.
1113 4385 1156 4440 14.

682 4463 748 4532 12
