3058 4902
451 305 663 354 cnarucrro
693 305 1050 356 arcuatur-suerrum.
1213 295 1278 356 365

224 481 298 530 non
311 461 556 551 transgressus
570 462 626 528 est
639 455 804 528 sublimis
818 465 854 528 et
867 454 1147 528 vehementioris
1162 454 1273 527 animi

225 574 397 646 Achilles.
450 573 702 667 Agamemnon
723 573 826 644 annis
844 572 1048 667 provectior
1066 574 1127 668 qui
1146 597 1277 668 nempe

226 690 400 786 dignitate
418 700 455 761 et
471 689 568 760 fastu
582 687 857 782 conspiciendus
875 695 942 761 est.
976 688 1192 760 Antilochus
1211 691 1277 761 im-

225 807 344 879 berbis
362 806 435 878 fere
451 806 661 878 adolescens
682 801 749 876 sibi
772 805 937 901 proprias
955 805 1064 877 habet
1082 805 1179 881 vices
1198 831 1278 902 quae

225 922 369 995 fervidae
387 934 423 995 et
447 922 613 1018 ingenuae
631 920 727 993 aetati
753 929 968 1016 congruant,
987 922 1025 993 in
1043 922 1182 996 ludicro
1201 947 1280 995 cer·

226 1039 361 1112 tamine
388 1046 424 1110 et
455 1040 490 1109 in
518 1040 597 1134 ipso
624 1038 813 1134 pugnandi
840 1037 942 1110 initio
972 1039 1009 1110 in
1040 1064 1113 1136 quo
1141 1040 1278 1134 primus

225 1156 367 1228 hostem
387 1154 518 1250 dejicit.
563 1153 700 1228 Nestor
719 1179 784 1250 pro
803 1163 991 1227 senectute
1009 1179 1074 1226 sua
1091 1156 1129 1227 in
1147 1179 1277 1250 campo

165 1261 167 1264 ⁵
227 1273 347 1344 minus
378 1271 610 1368 conspicitur,
642 1273 679 1343 in
710 1272 909 1344 ordinanda
939 1273 1016 1344 acie
1042 1295 1107 1342 sua
1142 1272 1278 1343 nemini

226 1389 333 1474 cedit,
353 1391 390 1461 in
413 1389 574 1462 conciliis
593 1389 665 1462 sere
692 1388 859 1461 omnibus
887 1390 1020 1485 primas
1046 1397 1167 1484 partes
1191 1389 1279 1483 agit,

227 1506 337 1577 etiarn
372 1520 449 1577 tum
481 1531 565 1578 cum
601 1507 639 1578 in
669 1505 880 1578 densissima
914 1517 1020 1579 nocte
1055 1504 1278 1576 imminentis

227 1622 376 1718 periculi
395 1629 514 1695 metus
532 1624 774 1718 congregabat
791 1646 978 1719 proceres3
1008 1621 1103 1694 unde
1126 1620 1276 1693 Diome-

228 1738 290 1810 des
307 1737 489 1811 assiduam
508 1740 604 1812 senis
622 1738 845 1835 vigilantiam
862 1745 947 1835 apte
965 1739 1164 1835 depingens
1181 1768 1242 1810 :—

384 1891 507 1962 Σχέτλιός
521 1891 592 1960 ἐσσι,
608 1892 705 1964 papule,
721 1893 756 1946 σὺ
769 1893 816 1962 μὲν
828 1895 909 1947 πόνου
920 1885 1017 1946 ὀὔποτε
1031 1889 1151 1965 λήγειςῧ.

227 2041 394 2114 Fortasse
421 2043 531 2115 etiam
550 2043 673 2140 Ajacis
699 2052 735 2117 et
761 2043 949 2117 Diomedis
977 2045 1014 2117 in
1040 2043 1164 2140 praelio
1181 2043 1277 2117 vices

227 2183 434 2256 quanquam
469 2185 514 2232 ex
545 2162 687 2232 diversa
716 2162 905 2258 utriusque
939 2162 1059 2234 indole
1087 2163 1277 2258 provenire

227 2285 442 2349 censeantur
458 2277 614 2374 aliquam
640 2285 762 2350 tamen
787 2280 832 2350 ad
851 2303 977 2351 eorum
1000 2285 1145 2351 aetatem
1170 2279 1280 2350 ratio-

228 2417 311 2466 nem
346 2395 478 2467 habere
513 2395 663 2492 possint.
722 2395 940 2468 Idomeneus
974 2405 1070 2468 certe
1104 2404 1278 2492 tanquam

228 2511 331 2584 miles
362 2522 554 2586 veteranus
583 2513 739 2586 necdum
773 2512 944 2586 emeritus
974 2537 1059 2585 cum
1089 2513 1280 2584 contuber-

228 2629 301 2701 nali
318 2653 387 2702 suo
403 2630 568 2703 Merione
594 2630 756 2703 conferta
782 2631 857 2703 acie
884 2629 1072 2702 statarium
1096 2637 1133 2700 et
1158 2653 1277 2726 aequa-

228 2755 305 2817 tam
324 2771 484 2842 pugnam
502 2744 668 2819 sustinet.
723 2746 839 2818 Sexus
857 2746 966 2818 etiam
984 2745 1189 2818 discrimina
1206 2771 1282 2818 non

229 2864 494 2936 contemnenda
519 2871 617 2950 suut,
641 2889 721 2960 quae
748 2862 893 2960 quidem
921 2887 963 2934 eo
990 2862 1104 2956 magis
1131 2861 1173 2932 iis
1199 2885 1281 2956 quae

229 2987 371 3052 aetatem
398 2988 565 3076 spectant
590 2981 748 3076 adjungo
775 2979 872 3077 quod
890 2979 1074 3051 Homerus
1090 2979 1169 3052 haec
1195 3001 1281 3051 con-

225 3097 384 3192 junctim
424 3097 594 3195 respexit,
630 3109 667 3169 et
700 3098 817 3170 varias
860 3097 1093 3169 foeminarum
1128 3096 1281 3168 virtutes

230 3239 296 3311 pro
327 3221 424 3286 statu
453 3225 490 3286 et
525 3222 632 3286 aetate
659 3239 783 3287 earum
813 3239 879 3288 suo
914 3237 1098 3312 quamque
1133 3212 1171 3285 in
1200 3214 1282 3286 loco

229 3330 409 3427 exposuit.
479 3331 612 3403 Matris
657 3333 806 3404 affectus
844 3335 1077 3426 repraesentat
1114 3329 1280 3403 Hecuba.

230 3447 366 3520 Uxoris
401 3447 510 3520 fidem
545 3459 581 3520 et
616 3472 774 3520 amorem
810 3447 1065 3521 Andromache
1099 3456 1136 3520 et
1170 3446 1282 3519 Penc-

231 3565 326 3660 lope,
360 3565 473 3636 altera
507 3565 602 3636 inter
628 3565 713 3636 belli
748 3565 939 3650 tumultus,
976 3565 1068 3637 alter
1097 3562 1190 3636 inter
1221 3563 1284 3635 do-

230 3679 391 3754 mesticae
417 3681 500 3752 vitae
527 3704 707 3752 aerumnas
737 3679 795 3751 vix
831 3679 949 3752 minus
984 3703 1110 3776 graves
1141 3685 1178 3750 et
1208 3679 1284 3750 diu-

231 3797 318 3869 tinae
335 3796 506 3870 absentiae
532 3795 694 3870 taedium.
747 3797 895 3869 Tenerae
912 3795 1059 3892 virginis
1078 3796 1284 3892 simplicita—
1323 3811 1326 3822 '

234 3924 308 3986 tem
335 3913 447 3987 habet
476 3912 671 3998 Nausicaa,
701 3911 843 3986 Helena
870 3913 988 3988 infidae
1016 3912 1192 4009 conjugia
1220 3937 1286 3986 nec

231 4035 356 4102 tumen
374 4039 521 4124 prorsus
536 4027 741 4125 deperditae,
757 4051 929 4122 angorem
942 4039 977 4101 et
995 4026 1284 4101 sollicitudinem.

234 4146 302 4219 Hae
328 4170 454 4219 omnes
478 4170 563 4218 suas
588 4143 684 4218 vices
711 4145 859 4240 explent
884 4169 906 4216 a
931 4142 1025 4217 virili
1051 4150 1154 4239 parte
1179 4145 1287 4241 longe

626 4342 647 4379 ,⁰
668 4332 712 4391 Il.
729 4345 760 4392 K.
779 4333 842 4406 164.
