3058 4908
501 329 711 382 rnarrcrro
741 331 941 382 annuorum
1188 320 1250 382 189

196 507 309 556 unam
337 484 493 558 radicem
521 485 681 559 revocari
710 503 950 582 posse—'non
976 482 1075 580 quod
1102 488 1247 556 tautum

196 623 272 672 rem
299 623 397 674 nunc
419 625 500 699 ago,
527 625 645 698 neque
669 627 755 675 vero
779 601 867 674 mihi
895 600 965 697 ipsi
993 600 1099 697 plene
1126 599 1164 672 in
1187 600 1249 672 illa

161 785 174 794 .
197 709 561 814 satisfacio-magna
577 729 696 792 tamen
715 743 759 792 ex
785 727 888 815 parte
910 741 966 790 res
990 721 1103 813 patet,
1122 723 1159 789 et
1176 716 1248 788 lor-

132 821 146 838 '
196 839 294 904 tasse
311 857 355 905 ex
373 834 483 928 longo
506 859 574 908 usu
598 835 635 908 in
653 859 692 907 re
714 841 827 907 tautae
851 833 1059 907 subtilitatis
1076 833 1249 929 loquendi

197 949 291 1021 ratio
308 973 382 1021 nou
399 974 548 1046 prorsus
566 951 633 1024 sibi
651 957 805 1025 constat.
849 949 1022 1022 Dandum
1040 961 1095 1023 est
1112 949 1248 1045 aliquid

197 1066 325 1162 populi
342 1066 488 1140 arbitrio
510 1078 547 1140 et
569 1067 824 1141 consuetudini
842 1091 922 1162 quae
948 1091 969 1140 a
995 1074 1092 1140 recta
1110 1067 1249 1138 ratione
1301 1117 1308 1130 .

197 1185 408 1281 plerumque
425 1186 588 1258 aberrare
610 1186 714 1258 solet.
769 1183 838 1258 Sed
857 1184 955 1258 etde
979 1183 1057 1279 ipsu
1073 1182 1247 1280 Praeposi-

197 1299 308 1372 tionis
335 1309 464 1374 natura
491 1303 578 1398 quid
606 1302 759 1374 sentiam
787 1300 875 1373 libet
902 1301 1028 1397 paucis
1056 1323 1246 1396 exponere.

201 1415 334 1490 Latent
363 1419 461 1492 enim
490 1418 600 1491 etiam
630 1418 669 1490 iu
703 1418 759 1490 his
794 1417 968 1491 sermonis
999 1415 1250 1488 minutissimis

199 1535 361 1630 pertibus
379 1535 516 1608 semina
531 1533 784 1630 Philosophiae,
800 1543 979 1631 quatenus
996 1539 1040 1606 ut
1048 1531 1249 1606 Verulamii
1301 1515 1309 1530 ’

199 1651 317 1724 verbis
335 1657 454 1738 utar-¹,
475 1658 496 1688 “
512 1650 677 1747 Vestigia
694 1651 843 1724 rationis
860 1651 971 1723 verba
988 1647 1110 1723 sunt.’'

250 1766 296 1839 In
323 1767 423 1840 omni
447 1768 570 1865 itaque
597 1767 750 1842 Actione
775 1769 846 1841 tria
872 1767 995 1840 statim
1021 1766 1141 1840 animo
1168 1767 1250 1839 sub·

194 1867 463 1978 j'iciontur-Is
493 1885 555 1982 qui
585 1883 770 1980 Agit-Id
800 1885 897 1981 quod
922 1883 1055 1980 Agitur
1082 1907 1146 1957 seu
1173 1881 1252 1979 ipsa

201 1999 398 2074 Actio-et
417 2001 516 2074 Illud
538 2001 648 2098 etiam
666 2002 763 2097 quod
782 2001 911 2096 recipit
927 2000 1251 2092 Actionem—quae

201 2117 323 2189 omnia
358 2117 397 2188 in
430 2117 611 2190 veteribus
649 2117 781 2213 linguis
820 2117 1028 2214 singulatim
1065 2138 1251 2213 exponun-

200 2240 262 2306 tur
286 2259 352 2330 per
374 2234 530 2309 Rectum
550 2235 722 2308 Nominis
748 2261 988 2333 casum-per
1006 2234 1253 2308 Verbum-et

200 2373 265 2446 per
295 2351 568 2426 declinationem
601 2353 785 2448 quandam
815 2379 837 2427 a
861 2353 974 2426 Recto
1004 2376 1102 2440 casu,
1135 2353 1253 2424 Accu·

200 2466 359 2540 sativum
384 2469 541 2554 scilicet3
569 2470 661 2542 adeo
688 2479 731 2542 ut
756 2493 831 2542 non
856 2475 1001 2542 tantum
1027 2493 1073 2540 ex
1097 2465 1254 2539 vocabu-

200 2584 321 2657 lorum
338 2583 461 2657 ordine
479 2585 543 2658 sed
560 2609 604 2657 ex
622 2585 702 2682 ipsa
719 2583 972 2658 terminatione
990 2585 1113 2679 Agens
1130 2584 1175 2655 ab
1192 2583 1255 2654 illo
1309 2587 1313 2595 “

203 2700 301 2796 qood
317 2699 445 2797 recipit
462 2700 655 2773 Actionem
674 2701 918 2796 dignoscatur.
973 2699 1043 2772 Sed
1060 2698 1130 2772 alia
1147 2699 1255 2770 etiarn

201 2840 274 2888 una
293 2817 491 2913 complecti
511 2817 603 2890 solet
620 2817 774 2904 animuS,
793 2824 1011 2913 potestatem
1037 2813 1174 2888 scilicet
1190 2837 1255 2886 seu

201 2932 359 3006 Causam
377 2958 422 3006 ex
440 2958 512 3030 qna
538 2935 584 3006 ad
611 2935 793 3028 agendum
818 2933 1063 3031 provehimur,
1083 2938 1121 3004 et
1145 2931 1255 3003 finem

200 3051 311 3154 etiam
335 3054 379 3126 ad
397 3077 506 3150 quem
531 3054 727 3139 tendimus,
745 3055 804 3126 vel
828 3053 926 3149 quod
948 3053 1163 3126 tantundem
1187 3058 1254 3138 est,

201 3178 380 3263 punctum
406 3193 450 3242 ex
469 3193 542 3265 quo
567 3169 728 3265 procedit
747 3169 853 3244 Actio
879 3178 916 3243 et
942 3176 1122 3267 puuctum
1145 3169 1256 3240 etiam

200 3285 247 3356 ad
274 3286 382 3381 quod.
436 3283 534 3359 Hinc
560 3285 647 3358 alias
673 3284 783 3358 etiam
806 3286 958 3360 Nomini
983 3285 1256 3359 terminationes

201 3400 445 3489 adsciverunt,
480 3425 561 3498 qum
596 3401 653 3476 his
694 3402 802 3476 rebus
839 3403 1082 3500 exprimendis
1118 3403 1255 3474 idoneae

201 3524 335 3620 essent,
354 3526 462 3616 atque
488 3543 533 3591 ex
550 3518 608 3592 his
633 3517 818 3616 principiis
837 3528 925 3593 ortae
951 3526 1037 3594 sunt
1053 3518 1256 3592 Nominum

202 3646 471 3722 declinationes.
530 3648 629 3754 Hinc
654 3649 826 3724 Genitivo
852 3639 1003 3742 γένεσιν
1030 3673 1094 3722 seu
1121 3643 1257 3738 κτῆσιν

201 3777 371 3852 tribuunt
405 3778 654 3868 Grammatici,
690 3780 823 3855 Dativo
862 3771 1113 3875 περιποίησιν.
1184 3775 1255 3849 Sed

200 3894 324 3992 plures
342 3906 428 3969 suut
446 3921 568 3969 rerum
586 3899 681 3971 inter
698 3922 738 3971 se
763 3899 955 3971 relationes
973 3919 1083 3993 quarn
1101 3919 1182 3990 quae
1199 3892 1257 3965 his

200 4011 363 4084 artificiis
386 4012 493 4109 plene
515 4014 692 4087 contineri
710 4021 872 4112 possent,
891 4020 1030 4086 etcum
1047 4010 1133 4086 Loci
1151 4009 1256 4084 Rela-

199 4127 318 4202 tiones
349 4139 457 4226 atque
486 4129 557 4204 illae
588 4155 669 4228 quae
700 4157 745 4206 ex
775 4131 873 4206 Loco
904 4130 1071 4205 oriuntur
1099 4128 1258 4202 maxime

392 4345 402 4369 ¹
424 4338 473 4396 De
488 4339 663 4418 Aupmentir
679 4337 886 4411 scientiarum,
903 4338 922 4397 l.
939 4338 977 4398 vi.
992 4357 1019 4398 c.
1038 4357 1062 4396 1.
