3096 4886
272 251 318 320 26
590 271 805 324 emerso
826 273 1002 326 morans.

272 427 351 498 erat
378 421 500 496 adhuc
527 417 567 494 in
592 421 675 496 loco
708 421 904 519 campestri
932 431 971 497 et
996 418 1179 496 maritimo
1207 421 1331 498 sedem

272 540 416 615 habere.
469 538 579 616 Quod
612 538 645 613 si
677 541 863 614 nonnulle
891 541 1001 615 urbes
1029 539 1201 615 ridentur
1227 563 1331 617 oram

271 655 493 732 maritimam
509 678 716 753 occupasse,
734 662 846 754 prout
867 657 913 732 ab
935 655 1100 731 Homero
1124 662 1223 731 recte
1245 681 1331 733 con·

267 786 384 886 jicias,
405 784 469 884 qui
495 769 686 880 Κηρινθὸν
709 774 741 858 τ’
763 775 910 884 ἔφαλον
921 769 1100 864 'Assos
1138 775 1170 859 τ’
1185 776 1332 886 ἔφαλον

214 987 220 1004 x
271 907 497 1011 πτολίεθρον
506 905 740 1009 ’-χσλκίδα
756 903 788 986 τ’
803 905 989 1010 ἀγχίαλον
1012 903 1281 1011 -Ἀγχῖαλον
1297 905 1329 988 τ’

272 1026 709 1140 mmm-nominat,
741 1053 802 1103 eas
828 1035 951 1103 tamen
980 1053 1067 1104 cum
1092 1023 1330 1130 thucydide*

271 1159 425 1234 libenter
441 1161 565 1232 statuo
584 1155 742 1252 Trojano
764 1165 930 1255 tempora
951 1157 1085 1255 exiguo
1108 1181 1260 1254 prorsus
1275 1157 1330 1232 in·

270 1278 424 1354 tervallo
440 1271 686 1352 antecessisse.
740 1271 813 1348 Sed
829 1295 1012 1371 nusquam
1027 1275 1141 1372 magis
1159 1275 1330 1350 distincte

271 1393 317 1470 de
351 1417 473 1469 rerum
501 1388 661 1464 instabili
694 1397 805 1478 statu,
834 1395 871 1464 et
899 1392 1093 1465 meliorum
1119 1397 1330 1490 temporum

272 1510 387 1586 initiis
412 1507 577 1606 loquitur
603 1505 787 1580 Homerus
813 1529 924 1603 qnam
948 1507 988 1580 in
1013 1506 1180 1606 Odyssea
1202 1509 1329 1583 ubido

271 1625 443 1702 fratribus
460 1621 669 1720 Amphione
686 1632 724 1697 et
741 1621 861 1696 Zetho
879 1621 973 1720 agit¹
987 1653 1050 1697 :-

430 1795 463 1850 Ol
476 1798 575 1866 σρῦωι
588 1791 678 1864 Θῆβησ
692 1791 749 1850 ἔδον
763 1793 869 1850 ἔκτισαν
880 1792 1049 1860 ὅπα-ὅλον),

431 1887 582 1958 Πνργασᾶν
590 1885 625 1940 τ’·
639 1885 695 1942 e'srsi
708 1885 740 1942 οὗ
753 1883 801 1955 pir
813 1883 968 1960 ἇσῦργσσον
979 1887 1006 1960 γ’
1019 1887 1141 1944 isdum

433 1975 545 2048 Νσιέμιν
558 1975 702 2052 εὗρῦχορον
715 1976 815 2047 Θήβην,
829 1977 943 2054 νφσσφᾴ
956 2001 1008 2053 περ
1021 1979 1101 2034 ἰόντε.

273 2099 364 2176 Haec
379 2099 491 2199 igitur
507 2101 616 2176 simul
640 2107 789 2199 sumpta
814 2100 918 2175 nobis
942 2101 1132 2199 designant
1150 2101 1330 2200 populum

272 2225 357 2316 post
372 2221 509 2293 multas
525 2227 563 2294 et
584 2242 735 2316 magnas
759 2218 1027 2293 vicissitudines
1050 2219 1228 2318 paulatim
1251 2241 1330 2292 sese

273 2335 484 2430 erigentem,
497 2339 536 2409 et
551 2359 637 2408 cum
648 2335 716 2409 sibi
725 2335 848 2409 locum
860 2335 1116 2423 vindicantem,
1127 2332 1225 2408 unde
1235 2333 1330 2407 vires

272 2485 357 2536 suas
384 2468 467 2537 tuto
489 2461 704 2538 excitasset
729 2461 885 2559 experiri
907 2469 1032 2561 posset
1044 2495 1055 2552 ;
1083 2457 1122 2534 ἐν
1141 2450 1259 2562 τούτῳ
1277 2453 1330 2560 τῷ

271 2573 399 2689 τρόπῳ
416 2588 568 2682 μᾶλλον
584 2579 655 2682 ἤδη
675 2579 791 2680 ὄντες,
808 2580 954 2692 ὑστέρῳ
972 2577 1098 2690 χρόνῳ
1117 2584 1177 2664 ἐπὶ
1188 2581 1331 2686 Τροίαν

272 2707 573 2813 ἐστράτευσαν.
620 2718 708 2793 Post
724 2717 874 2816 Trojam
890 2730 1035 2815 captam
1052 2718 1330 2816 migrationibus

271 2833 404 2911 iterum
433 2834 599 2910 lacessita
631 2841 689 2910 est
714 2834 876 2926 Graecia;
913 2842 971 2910 tot
999 2837 1097 2910 enim
1123 2835 1260 2910 ducum
1292 2843 1331 2908 et

271 2973 400 3049 regum
419 2951 465 3025 ad
481 2951 632 3048 Trojam
648 2953 890 3029 commoratio
912 2977 1033 3027 rerum
1058 2975 1235 3027 novarum
1253 2961 1330 3026 stn-

271 3071 331 3146 dio
348 3073 471 3148 locum
488 3071 588 3146 dedit
600 3105 662 3145 :—

360 3243 380 3271 “
391 3234 505 3296 Militis
518 3255 555 3296 ex
567 3233 619 3296 ills
632 3235 780 3297 diversum
794 3235 833 3299 ad
845 3237 919 3299 litus
931 3236 1030 3299 adacti

390 3326 515 3389 Atrides
528 3327 632 3387 Protei
645 3328 804 3389 Menelaus
816 3329 854 3390 sd
868 3349 963 3410 usqne
976 3327 1130 3391 columnas

390 3417 528 3488 Exsulst,
544 3419 681 3481 AEtnaos
694 3418 770 3479 vidit
783 3421 927 3502 Cyclopas
942 3421 1078 3501 Ulysses.

390 3511 498 3589 Regna
511 3511 705 3591 Neoptolemi
718 3510 854 3587 reseram,
868 3532 1027 3591 versosque
1041 3513 1172 3572 Penates

392 3603 572 3665 Idomenei?
600 3605 754 3686 Libycone
768 3605 939 3666 habitantes
952 3604 1040 3663 litore
1054 3601 1192 3664 Locros?

391 3696 464 3776 Ipse
478 3696 655 3776 Mycenaens
668 3717 845 3777 magnorum
859 3697 967 3757 ductor
980 3694 1131 3756 Achivum

389 3787 535 3867 (ionjngis
548 3787 680 3850 infanda
693 3790 790 3870 prims
802 3788 883 3850 intra
895 3786 1001 3848 limina
1014 3787 1120 3847 dextra

388 3879 715 3960 oppetiit-devictam
728 3880 832 3942 Asiam
846 3878 982 3942 subsedit
995 3878 1113 3941 adulter
1121 3883 1167 3941 ¹¹.’'

306 4045 370 4107 111.
388 4059 417 4107 Β.
431 4055 490 4119 3³⁸·
865 4045 881 4088 ¹¹
896 4047 995 4121 lbos,
1009 4045 1030 4106 l.
1044 4044 1064 4105 i.
1079 4065 1106 4106 c.
1120 4065 1146 4121 7.

306 4127 495 4200 sunm.
866 4110 1028 4198 ἰωήν

306 4203 378 4267 Ul.
393 4217 422 4265 B.
437 4214 497 4278 διο.
868 4215 892 4246 ¹¹¹
908 4207 963 4266 Od.
978 4220 1009 4266 Δ.
1026 4214 1085 4267 262.

306 4280 370 4346 ¹11.
385 4298 416 4346 Β.
431 4295 489 4362 ⁶97·
868 4295 883 4324 ²
901 4287 980 4366 Virp.
995 4285 1081 4358 ὢν,
1094 4282 1133 4346 xi.
1151 4291 1206 4348 atr.
