3058 4908
293 344 359 408 240
546 350 762 400 rnmcrcrro
781 349 1093 410 onerari-curari.

294 503 431 578 exitum
449 505 597 602 proprio
617 504 700 600 jure
717 509 870 600 spectat,
888 504 1079 576 nonenim
1097 503 1160 576 diu
1183 509 1269 599 post
1284 527 1345 576 oc-

294 621 410 696 cisum
433 623 595 696 Hectora
618 621 858 696 sustentanda
884 631 962 694 erat
988 643 1045 694 res
1061 620 1230 718 Thojana,
1249 621 1350 716 quod

294 741 441 837 quidem
469 739 509 812 in
537 739 668 812 ultimo
696 762 804 812 versu
830 761 898 810 suo
928 738 1111 834 eleganter
1139 761 1258 834 neque
1285 737 1348 809 ob·

293 880 398 930 scure
414 855 504 929 mihi
520 855 664 929 videtur
679 857 830 930 innuere
846 854 961 928 Poeta
973 885 1037 928 :—

476 1024 524 1084 ‘lis
536 1019 587 1098 οἵγ’
602 1025 736 1096 ἆμφίσον
747 1025 834 1096 τάφον
842 1022 968 1096 Ἕκτορος
982 1024 1145 1094 ῑποδᾶμοω.

293 1166 434 1242 Iterum
454 1167 603 1264 quidem
627 1171 671 1241 ut
693 1166 788 1239 sama
814 1165 1021 1262 accepimus
1043 1165 1284 1240 Penthesilea
1309 1176 1348 1239 et

293 1283 503 1358 Memnonis
528 1285 694 1402 adventu
715 1284 938 1357 decanatum
966 1292 1046 1372 est3
1071 1283 1207 1357 iterum
1233 1291 1276 1356 ui
1302 1307 1349 1356 cx

293 1398 475 1475 Homero¹
506 1401 679 1475 discimus
706 1400 825 1474 occiso
855 1400 998 1474 Achille
1023 1400 1231 1474 audaciores
1263 1399 1349 1473 facti

295 1527 383 1592 suni
404 1519 551 1616 Trojani
578 1528 615 1592 et
642 1541 739 1591 nova
763 1516 885 1614 praelia
910 1523 1156 1606 tentaverunt,
1181 1518 1245 1592 sed
1272 1518 1349 1592 haec

294 1635 493 1710 certamina
509 1635 584 1709 cito
599 1635 639 1708 in
656 1634 797 1709 irritum
815 1642 1001 1709 cesserunt
1016 1667 1079 1708 :—

570 1831 614 1846 -
625 1799 680 1862 olor
691 1806 743 1878 γὰρ
756 1801 938 1876 ipvc'ro‘lhtor
946 1804 1049 1877 'hup
1055 1809 1084 1857 ¹¹.

296 1947 375 2022 Nec
404 1972 489 2021 vero
523 1948 594 2022 alio
623 1954 788 2046 tempore
817 1947 949 2022 animis
982 1947 1099 2043 magis
1133 1947 1281 2021 arrectis
1312 1956 1348 2020 et

295 2065 481 2139 audaciori
510 2065 641 2164 spiritu
669 2066 709 2138 in
734 2071 917 2139 certamen
951 2064 1165 2161 prodierunt
1190 2065 1347 2161 utrique,

295 2184 384 2256 dum
408 2183 527 2256 caeteri
552 2183 661 2256 duces
687 2206 780 2279 aegre
801 2184 965 2256 tulerunt
990 2181 1067 2254 sine
1084 2181 1228 2256 Achille
1253 2189 1350 2254 stare

295 2325 370 2373 non
394 2324 500 2396 posse
522 2301 720 2396 conjuratae
739 2299 890 2372 Graeciae
912 2321 1073 2386 causam,
1091 2305 1202 2395 atque
1218 2300 1350 2373 aemulo

296 2441 382 2491 cum
398 2417 525 2490 ardore
546 2441 632 2490 eum
648 2416 687 2489 in
704 2417 815 2490 finem
832 2416 1062 2512 enitebantur
1077 2426 1120 2490 ut
1144 2440 1211 2490 suo
1227 2414 1365 2489 Marte'

296 2537 420 2610 hostes
450 2538 545 2610 intra
572 2536 708 2610 moenia
741 2539 1012 2634 compellerent,
1041 2535 1194 2632 'Trojani
1226 2543 1351 2610 autem

296 2655 525 2728 occasionem
552 2655 676 2728 datam
702 2654 806 2728 avide
833 2653 1063 2751 arripiebant,
1090 2654 1130 2726 in
1157 2677 1230 2751 qua
1255 2654 1351 2727 bello

294 2770 405 2844 finem
423 2795 462 2844 se
478 2771 712 2869 imposituros
729 2795 808 2844 csse
825 2771 1028 2869 sperabant.
1070 2770 1199 2868 ltaque
1215 2770 1252 2842 in
1270 2769 1351 2867 ipso

295 2913 490 2986 congressu
515 2895 553 2962 et
578 2891 617 2962 in
639 2888 799 2964 conciliis
824 2888 916 2962 nihil
931 2889 1105 2987 utrinque
1128 2887 1353 2962 intentatum

296 3018 360 3081 cst
413 3007 525 3080 Porro
555 3032 639 3082 cum
669 3031 907 3104 personarum
934 3030 1015 3103 quae
1039 3007 1078 3078 in
1107 3005 1219 3079 iliade
1248 3029 1353 3079 usur

296 3131 432 3221 pantur
449 3135 525 3199 tam
543 3125 665 3222 dispar
681 3125 730 3198 sit
754 3124 900 3197 habitus
919 3133 956 3196 et
974 3134 1049 3197 tam
1067 3121 1197 3196 diversi
1220 3147 1352 3212 morea,

298 3240 449 3338 singuiis
479 3253 602 3315 tamen
635 3267 744 3317 suum
774 3243 925 3316 seorsim
959 3266 1094 3315 munus
1123 3241 1351 3328 adscribitur,

297 3357 391 3432 inter
408 3357 678 3432 deliberandum
695 3365 734 3432 et
751 3357 915 3433 Nestoris
937 3357 1132 3457 prudentia
1153 3363 1190 3431 et
1207 3357 1353 3455 Ulyssis

300 3476 446 3550 solertia
468 3477 590 3550 locum
607 3476 729 3561 habet,
745 3476 841 3550 inter
857 3477 1093 3573 pugnandum
1111 3483 1150 3549 et
1165 3473 1353 3549 Diomedis

299 3595 429 3669 ardens
454 3593 601 3691 spiritus
626 3604 663 3666 et
688 3595 810 3690 Ajacis
836 3593 1011 3668 indomita
1035 3593 1179 3667 ferocia
1231 3592 1357 3666 Habet

297 3712 446 3808 insuper
468 3712 506 3785 in
531 3735 570 3785 se
595 3709 682 3784 Ilias
707 3735 831 3798 rerum
854 3710 979 3784 seriem
1006 3733 1086 3806 quae
1111 3734 1186 3784 non
1209 3707 1355 3784 tantum

297 3828 386 3925 ipsae
419 3853 572 3902 numero
605 3829 713 3902 variae
747 3839 833 3902 sunt
868 3838 924 3902 et·
940 3828 1060 3924 specie
1094 3827 1256 3915 diversae,
1292 3827 1355 3900 sed

299 3939 426 4020 omnes
452 3947 561 4019 etiam
579 3945 624 4018 ad
642 3965 759 4018 unum
783 3947 895 4019 finem
913 3945 1035 4018 referri
1061 3955 1228 4042 possunt,
1247 3955 1285 4018 et
1310 3943 1354 4017 ad

299 4064 480 4137 Achillem
492 4071 666 4160 tanquam
680 4063 726 4136 ad
743 4069 907 4136 centrum
921 4087 1030 4137 suum
1047 4069 1225 4160 spectant.
1261 4060 1352 4134 Tan·

300 4180 383 4252 dem
412 4179 523 4277 igitur
546 4180 740 4278 aliquando
765 4181 811 4253 ad
836 4180 926 4254 illud
953 4180 1159 4254 Aristotelis
1188 4179 1350 4254 testimo·

339 4383 348 4425 ¹
371 4385 473 4462 odyn.
488 4399 520 4444 Δ.
535 4405 602 4462 512,
616 4389 689 4462 &oq
714 4401 747 4450 ο.
764 4389 810 4464 36,
824 4390 877 4450 Aa.
1093 4400 1117 4432 Ν
1137 4389 1182 4452 Ii.
1198 4403 1226 4450 z.
1240 4409 1310 4466 403.
