3096 4886
551 287 764 337 rcAErrcrro
785 286 938 347 οσιιιτι.
1230 263 1271 324 65

209 439 257 512 ad
282 436 550 510 humanitatem
576 443 613 507 et
639 434 799 530 mitigati
826 457 953 507 sumus
968 436 1004 520 ;''
1032 439 1069 506 et
1095 433 1271 508 Isocrates

210 567 327 662 magis
346 573 512 638 accurate
535 563 733 636 fortasse¹¹:
762 550 831 655 τὴν
856 550 1024 655 τελετὴν,
1044 555 1088 655 ἦς
1113 559 1147 633 οὶ
1166 589 1272 654 μετε-

212 719 355 789 χοντες,
389 685 475 786 περὶ
509 716 548 760 τε
578 686 644 782 τῆς
675 687 743 762 τοῦ
773 681 859 776 βιοῦ
890 687 1079 782 τελευτῆς,
1113 685 1174 762 καὶ
1207 690 1272 762 τοῦ

213 809 431 912 σύμπαντος
469 814 600 893 αἰῶνος
638 805 765 908 ἡδιούο
808 807 874 893 τὰς
914 808 1068 894 ἐλπίδας
1105 810 1268 913 ἔχουσιν.

213 935 304 1010 Haec
330 936 441 1032 igitur
469 933 513 1006 de
541 932 713 1029 religione
741 937 921 1028 quatenus
945 959 1028 1007 cum
1061 935 1187 1032 populi
1216 936 1272 1008 in·

214 1052 319 1148 genio
337 1062 376 1125 et
391 1051 513 1123 indole
531 1048 677 1146 aliquod
701 1073 895 1122 commune
919 1049 1051 1137 habet;
1082 1051 1126 1124 de
1150 1075 1272 1124 amore

214 1167 339 1265 patriae
357 1178 393 1241 et
408 1169 529 1263 legum
541 1189 658 1262 pauca
670 1143 835 1261 quaedam
847 1189 958 1261 supra
972 1167 1155 1262 disputata
1169 1174 1272 1255 sunt;

216 1284 306 1357 adeo
340 1290 383 1356 ut
417 1283 448 1356 si
481 1306 556 1354 uno
589 1281 728 1353 intuitu
762 1281 1048 1376 complectamur
1079 1307 1122 1355 ea
1152 1283 1273 1354 omnia

216 1401 333 1474 officio
348 1425 429 1497 quae
446 1424 490 1472 ex
508 1399 642 1494 pietate
660 1421 745 1492 erga
761 1395 895 1482 Deum,
915 1407 951 1469 et
975 1396 1142 1472 humanae
1167 1397 1273 1470 sortis

216 1517 366 1604 ratione,
393 1522 431 1589 et
458 1514 593 1588 civium
626 1515 722 1586 inter
749 1535 788 1585 se
819 1513 1078 1586 consuetudine
1108 1524 1145 1586 et
1175 1539 1274 1588 com-

217 1633 350 1708 mercio
374 1635 553 1720 oriuntur,
572 1631 610 1704 in
634 1629 802 1703 omnibus
827 1653 902 1703 non
927 1653 1057 1726 parum
1080 1631 1273 1727 profecisse

219 1750 366 1826 Graecos
383 1749 571 1823 fatendum
589 1757 655 1820 est.

267 1867 347 1939 Nec
374 1890 459 1939 vero
487 1867 583 1938 intra
610 1889 683 1938 suae
713 1865 844 1939 domus
868 1870 905 1939 et
932 1889 1006 1939 suae
1032 1866 1157 1961 pctriae
1183 1866 1273 1940 fines

219 1983 420 2057 officiorum
445 1982 537 2056 ratio
560 1982 674 2068 stetit,
698 1982 759 2054 sed
785 1983 895 2055 latius
919 1991 954 2054 et
980 1981 1027 2054 ad
1052 1989 1175 2055 totum
1200 1983 1275 2055 fere

220 2099 419 2173 humanum
433 2124 548 2194 genus
566 2101 801 2195 permanavit.
830 2099 886 2171 Ad
901 2099 963 2171 illa
975 2098 1107 2172 iterum
1121 2098 1275 2196 respicio

219 2214 368 2312 hospitii
394 2217 489 2312 jura,
521 2238 601 2310 quae
630 2213 716 2287 huic
745 2215 866 2288 seculo
896 2240 970 2311 prae
1000 2216 1138 2289 caeteris
1172 2216 1274 2310 adju-

221 2331 410 2419 dicentum
447 2335 557 2428 atque
591 2331 669 2404 haec
697 2331 779 2404 ideo
809 2331 911 2404 nobis
942 2331 1057 2406 fusius
1087 2331 1276 2406 tractanda

221 2456 318 2534 sunt,
351 2447 448 2545 quod
477 2447 588 2521 Poeta
617 2447 696 2543 ipse
724 2447 818 2519 inter
848 2472 965 2521 mores
1000 2473 1150 2522 suorum
1178 2455 1273 2521 tem-

221 2591 354 2664 porum
377 2564 509 2663 primas
533 2565 606 2638 fere
626 2574 747 2660 partes
767 2564 839 2637 illis
865 2564 1045 2638 adscribit.
1098 2565 1184 2638 Fuit
1209 2565 1276 2638 ita-

222 2706 293 2780 que
308 2683 461 2755 istorum
485 2691 692 2778 temporum
710 2679 848 2776 judicio
872 2679 1106 2756 humanitatis
1130 2682 1275 2776 signum

222 2807 260 2873 et
276 2799 400 2897 pietati
417 2822 501 2894 erga
517 2798 639 2871 Deum
657 2798 762 2870 affine
780 2795 962 2895 hospitem
979 2797 1017 2869 in
1030 2805 1169 2870 tectum
1187 2799 1275 2873 reci·

223 2941 307 3015 pere
324 2905 512 2991 ct'mensae
529 2915 741 3013 participem
759 2913 938 2987 adhibere
975 2913 1074 2989 Hinc
1090 2915 1204 2989 illud⁰
1217 2949 1277 2988 :-

374 3056 416 3114 Ἠ
429 3059 458 3131 ῤ’
472 3059 497 3113 oi
509 3057 534 3130 γ’
550 3058 674 3131 ὑβρισταί
687 3080 715 3112 τε
729 3061 770 3114 καί
784 3058 879 3131 ι’ίγριοι,
894 3060 952 3115 οὐδὲ
967 3061 1067 3126 δίκαιοι,

380 3157 429 3212 'Hc‘
443 3156 588 3229 φιλόξεινοι
602 3157 645 3212 καί
658 3159 710 3228 σφι
725 3159 783 3213 νιίοιΙ
797 3156 854 3210 ι’στὶ
869 3155 982 3227 θεουδής.

225 3271 336 3347 Sacra
352 3273 461 3347 etiam
478 3273 548 3348 fuit
565 3299 690 3347 mensa
707 3274 994 3371 hospitalis”:-··

382 3416 463 3473 Ἰστιι
477 3419 521 3475 νῦν
536 3418 599 3476 Ζεὺς
611 3424 700 3490 πρῶτα
713 3418 787 3488 θεῶν,
801 3418 870 3488 ξενίη
884 3441 912 3473 τε
925 3421 1046 3491 τράπεζα·

225 3541 263 3606 et
280 3531 349 3629 ipsi
365 3532 451 3605 Jovi
468 3556 510 3605 er
527 3534 589 3605 illa
607 3557 696 3606 suus
714 3533 843 3606 titulus
862 3532 1038 3606 dabatur*¹
1051 3565 1113 3606 :—

385 3673 461 3730 ’λλλ’
475 3675 564 3739 οίδεῖο,
579 3675 699 3748 φέριστε,
714 3674 796 3734 θεοὺς·
818 3675 897 3731 ίιιίται
911 3675 941 3730 δι’
952 3677 994 3730 τοί
1007 3675 1093 3746 ἐσμέν.

388 3768 450 3824 Ζεὺς
463 3765 488 3821 δ’
503 3766 657 3840 ἐπιτιμήτωρ
672 3770 777 3824 ίκετιίων
789 3791 817 3824 τι
831 3769 921 3837 ξείνων
933 3789 962 3822 τε

384 3865 492 3930 icimur,
508 3863 536 3924 ὃς
550 3866 674 3934 ξείνοισιν
687 3866 729 3937 ἅμ’
744 3866 881 3921 οἶδοιοίσιν
893 3863 992 3933 (impoti.

226 3979 309 4055 Nec
333 4006 418 4056 vcro
444 3981 482 4055 in
506 3990 646 4059 tectum
670 3992 883 4081 receperunt
905 3990 1049 4055 tantum
1075 3981 1137 4056 scd
1164 3985 1281 4057 solen-

299 4187 381 4249 Orat.
397 4187 566 4271 Pancpyr.'
817 4199 830 4241 Ρ
848 4189 901 4250 Οιί.
917 4200 947 4250 Ξ.
966 4201 1020 4263 158.

270 4277 281 4302 ⁰
298 4268 353 4328 Od.
370 4281 392 4328 1.
412 4291 467 4344 175.
818 4279 832 4319 (Ι
850 4269 903 4329 Od.
920 4282 941 4329 1.
959 4283 1015 4346 269,
1029 4270 1081 4330 &o

749 4393 768 4441 F
