3096 4886
306 1139 618 1236 PRAEFATIO
662 1137 742 1232 AD
786 1137 1120 1233 LECTOREM.
1229 1205 1232 1210 -

540 1412 880 1423 ..—.-.--———

191 1577 333 1742 QUAE
369 1602 468 1652 nunc
507 1578 583 1663 tibi,
619 1578 762 1664 Lector,
804 1577 842 1650 in
883 1601 1010 1650 manus
1046 1579 1240 1652 traduntur

75 1711 81 1722 “
281 1711 529 1786 Praelectiones
548 1713 590 1816 ¹in
615 1713 818 1785 Homerum
842 1712 996 1785 habebat
1014 1711 1100 1785 olim
1118 1738 1239 1787 coram

185 1846 383 1919 Academia
406 1845 603 1919 Oxoniensi
629 1845 684 1918 vir
709 1847 907 1920 admodum
934 1847 1110 1935 eruditus,
1138 1859 1240 1944 pater

184 2005 297 2066 mene,
333 1980 494 2054 Joannes
529 1981 734 2077 Randolph‚
772 1979 910 2068 S.T.P.,
949 1981 1105 2056 Poeticae
1146 1983 1236 2056 Prae-

185 2113 299 2187 lector
316 2113 497 2188 Publicus

234 2247 348 2337 Idem,
379 2257 464 2348 post
491 2274 627 2346 paucos
654 2250 763 2322 modo
791 2273 917 2336 anuoS,
941 2251 1098 2323 necdum
1133 2251 1236 2324 finita

185 2381 254 2456 hac
290 2384 392 2470 serie,
427 2385 464 2457 in
498 2384 597 2471 elias,
634 2385 752 2482 primo
790 2383 939 2480 Linguae
974 2383 1110 2458 Graecae
1153 2386 1234 2459 dein

182 2511 400 2609 Theologiae,
429 2513 627 2588 Cathedras
655 2514 891 2588 Professorias
920 2515 1051 2612 Regias
1084 2519 1233 2590 transla-

183 2655 253 2733 tus,
284 2654 333 2734 et,
365 2648 461 2722 haud
496 2649 548 2720 ita
582 2651 700 2723 multo
734 2660 872 2745 postea,
905 2648 942 2722 in
972 2650 1234 2747 Episcopatum

182 2779 325 2870 Oxouii,
337 2781 536 2878 Bongon'ae,
550 2782 729 2870 Londiuii,
744 2783 868 2878 rapida
885 2783 1114 2879 promotione
1132 2808 1231 2856 evec-

182 2923 252 3001 tus,
273 2925 426 2989 mortem
447 2923 702 3012 praematuram
720 2915 935 2990 obiit-vita
958 2914 1132 2988 nimirum
1153 2941 1230 3013 per-

48 3060 59 3082 *
180 3056 260 3121 acta
289 3051 378 3134 adeo
408 3050 580 3124 exomni
609 3057 710 3147 parte
745 3050 933 3137 laboriosa,
965 3051 1054 3124 adeo
1089 3051 1230 3148 magnis

48 3198 61 3221 ⁴
179 3182 399 3280 diversisque
429 3185 582 3280 negotiis
608 3209 750 3282 semper
779 3195 964 3281 occupata,
993 3194 1035 3259 ut
1061 3187 1107 3258 ad
1137 3210 1229 3282 opus

178 3316 248 3390 hoc
278 3319 508 3414 explendum,
539 3303 759 3418 manumque
789 3319 822 3392 ei
849 3320 1017 3392 ultimam
1043 3317 1229 3414 imponen-

44 3442 61 3551 ,ζ
177 3451 273 3538 darn,
289 3475 403 3549 neque
420 3453 536 3526 otium
555 3477 671 3548 neque
689 3454 827 3528 occasio
846 3479 1009 3550 unquam
1027 3453 1217 3526 sufficeret.

53 3560 58 3573 Ι
225 3585 341 3659 Erant
365 3596 455 3660 tuuc
483 3589 656 3684 temporis
682 3589 860 3675 nonnulli,
889 3596 926 3661 et
952 3587 1061 3659 iidem
1088 3587 1164 3683 apti
1191 3587 1227 3659 in

38 3689 47 3809 l
175 3719 239 3792 tali
273 3744 311 3792 re
340 3720 492 3816 judices,
522 3722 585 3819 qui
619 3729 807 3796 censerent
840 3729 1009 3818 oportere
1038 3720 1102 3792 hes
1137 3744 1226 3815 prae·

174 3853 347 3928 lectiones
378 3853 474 3928 illico
503 3856 539 3927 in
570 3857 731 3929 medium
765 3855 937 3952 proserri3
977 3855 1111 3951 quippe
1146 3879 1226 3951 quac

172 4011 247 4065 uon
268 3989 376 4062 modo
400 3989 647 4064 delectationis
668 3988 803 4086 aliquid
821 4012 863 4062 ao
886 3990 1086 4085 voluptatis
1105 3988 1224 4062 istius-

173 4122 272 4196 modi
302 4121 487 4198 literarum
516 4124 641 4220 peritis
667 4148 793 4198 verum
819 4122 928 4196 etiam
950 4122 1158 4220 junioribus
1189 4133 1225 4195 et

171 4255 343 4331 studiosis
371 4258 530 4333 fructum
565 4260 663 4333 haud
697 4259 914 4332 mediocrem
944 4257 1106 4330 conferre
1141 4280 1223 4354 pos-

169 4387 262 4466 sent.
315 4393 578 4485 Veruntamen,
599 4395 769 4494 quoniam
787 4363 1038 4488 imperfectum
1057 4395 1223 4466 relictum
