3058 4908
445 365 659 415 anrnorm
678 366 970 416 anorum-runnu.
1168 357 1233 421 22⁷

175 515 260 590 vitae
278 514 514 601 desciverant,
533 515 721 588 fervebant
738 516 861 589 omnia
881 516 1002 588 studio
1028 523 1066 588 et
1082 493 1235 589 audacia

177 642 215 707 et
232 633 375 730 magnis
393 632 564 706 oonsiliis.
616 632 694 729 Ipsi
710 633 822 705 etiam
841 632 995 706 fortuna
1013 657 1119 707 casus
1137 639 1173 706 et
1196 633 1235 706 in

177 750 329 847 privatis
348 750 494 824 familiis
518 757 555 823 et
580 749 619 822 in
644 751 752 824 rebus
775 749 929 847 publicis
952 752 1044 824 varii
1065 758 1170 824 erant
1196 758 1235 824 et

178 867 313 963 magni.
364 867 533 940 Florebat
552 868 727 964 jamtum
745 867 999 964 Pelopidarum
1023 869 1154 942 domus
1176 868 1233 942 in·

179 984 349 1058 fortuniis
368 984 443 1058 suis
456 983 566 1057 toties
579 984 766 1056 celebrata.
800 983 971 1056 Florebat
983 983 1233 1058 Perseidarum

179 1101 291 1199 stirps
321 1107 379 1175 tot
407 1125 534 1197 regum
566 1106 604 1174 et
632 1099 839 1197 principum
863 1100 1026 1175 virorum
1052 1085 1257 1196 genetrix(

178 1229 373 1306 Eminebat
396 1230 516 1320 simul,
538 1238 582 1305 nt
601 1231 748 1305 Pindari
774 1215 893 1305 verbis
920 1237 1014 1319 utar,
1035 1218 1233 1324 Τηλαυγὲς

179 1352 323 1461 φέγγος
349 1357 541 1434 Αἰακιδᾶν.
599 1360 713 1450 Quin,
736 1368 779 1435 ut
808 1361 853 1435 ad
886 1361 1051 1459 publicos
1079 1371 1233 1434 eventus

170 1479 378 1570 redeamus,
409 1503 483 1552 non
518 1481 785 1553 contemnenda
811 1478 935 1577 praelia
968 1481 1063 1553 cirea
1092 1478 1234 1551 Thebas

180 1595 328 1693 Septem
345 1577 479 1670 Duces
491 1603 529 1669 et
555 1622 681 1671 eorum
699 1597 855 1695 Epigoni
873 1599 1145 1683 commiserunt,
1165 1595 1233 1668 mi·
1332 1663 1338 1674 .

179 1738 269 1787 nora
295 1714 439 1813 quidem
465 1715 526 1790 illa
552 1716 647 1788 bello
672 1716 831 1812 Trojano
862 1741 929 1790 neo
953 1721 1028 1791 tam
1054 1715 1231 1788 universae

181 1829 331 1905 Graeciae
353 1833 573 1920 communia,
592 1834 655 1906 sed
673 1843 795 1906 tamen
819 1857 885 1930 pro
909 1833 988 1908 istis
1005 1833 1234 1929 temporibus

179 1973 386 2046 permagna.
439 1949 494 2022 Ex
521 1951 592 2023 hao
622 1949 775 2023 materia
805 1950 902 2023 intra
926 1974 1044 2024 unum
1070 1952 1234 2024 seculum

180 2075 352 2162 congesta
376 2068 492 2141 multa
514 2077 618 2141 erant
644 2068 871 2164 decerpenda
892 2092 973 2165 quae
996 2068 1041 2140 ad
1064 2077 1234 2141 ornatum

179 2194 216 2257 et
243 2184 454 2258 varietatem
482 2184 654 2258 carminis
682 2185 866 2258 transferri
892 2193 1052 2283 possent.
1104 2184 1232 2282 Ipsum

81 2372 90 2384 ,
179 2301 292 2373 etiam
317 2300 514 2397 'frojanam
543 2302 678 2375 bellum
704 2308 742 2374 et
768 2300 981 2375 Graeeorum
1009 2301 1145 2375 reditus
1172 2303 1235 2399 qui

100 2509 104 2516 .
180 2417 329 2492 bellum·
348 2419 566 2493 subsecutus
596 2429 652 2494 est
682 2443 757 2492 non
787 2423 934 2492 tantum
961 2443 1025 2514 per
1052 2443 1091 2492 se
1118 2418 1236 2491 multa

166 2535 354 2609 varietate
371 2536 526 2612 fortunae
544 2547 580 2610 et
603 2561 737 2633 magna
762 2561 883 2610 rerum
901 2537 997 2608 mole
1014 2535 1233 2622 abundabat,

180 2652 243 2725 sed
263 2651 352 2725 aiios
370 2651 480 2725 etiam
497 2659 650 2727 eventus
674 2653 880 2752 progenuit,
901 2653 963 2749 qui
989 2677 1115 2748 regum
1134 2651 1234 2724 fami·

179 2768 245 2842 lias
267 2780 303 2842 et
323 2769 468 2844 Graeeiae
490 2772 646 2868 populos
663 2769 828 2867 proxime
846 2771 1064 2865 tangebant3
1089 2768 1236 2841 ex'belli

181 2886 421 2961 diuturnitate
438 2895 475 2960 et
497 2887 633 2962 reditus
657 2911 759 2961 mora
778 2887 1015 2985 proveniebat
1031 2910 1153 2960 rerum
1170 2893 1257 2959 no·'

179 3025 307 3075 varum
327 3003 488 3078 studium
502 3035 565 3077 ε-
1124 2993 1132 3009 ’

338 3145 406 3187 “-
416 3142 561 3204 devictam
578 3143 681 3204 Asiam
696 3142 834 3206 subsedit
847 3143 967 3204 adulter
974 3143 1012 3206 ¹.’'

180 3273 443 3370 proveniebant
461 3272 653 3350 seditiones
671 3299 753 3372 quae
770 3277 937 3349 civitates
954 3281 991 3350 et
1008 3298 1110 3372 reges
1126 3298 1235 3349 vexa-

179 3391 269 3464 bant
294 3397 332 3464 et
356 3401 532 3488 utrosque
557 3417 579 3465 a
605 3392 750 3465 sedibus
776 3393 852 3466 suis
876 3393 1128 3481 deturbabant,
1146 3393 1237 3466 adeo

179 3515 222 3582 ut
248 3509 428 3606 migrandi
454 3509 576 3584 studio
602 3511 736 3584 iterum
763 3511 941 3584 laboraret
968 3509 1118 3596 Graeoia,
1137 3516 1175 3582 et
1198 3508 1237 3581 in
1329 3509 1336 3524 '

180 3623 300 3698 medio
318 3650 385 3700 suo
403 3650 595 3723 progressu
614 3626 677 3700 diu
701 3627 853 3700 haereret
869 3629 928 3699 vel
953 3625 1076 3722 potius
1092 3649 1238 3721 gressus

179 3742 329 3816 referret
338 3739 365 3816 ¹¹.
421 3741 481 3817 Ita
499 3768 545 3816 ex
564 3744 663 3816 omni
683 3749 787 3841 parte
802 3742 949 3838 Trojani
966 3741 1051 3816 belli
1075 3743 1238 3814 seculum

178 3858 216 3931 in
242 3857 364 3932 Poetae
389 3883 478 3933 usus
504 3859 722 3934 uberrimam
752 3860 894 3957 copiam
920 3857 1173 3956 profundebat,
1201 3864 1239 3931 et

180 3973 396 4050 Graecorum
409 3977 549 4050 animos
567 4001 634 4052 sua
647 3988 778 4075 sponte
791 3983 954 4051 attentos
971 3973 1109 4051 habuit,
1146 3974 1237 4049 Sub·

178 4094 297 4167 secuti
314 4103 401 4167 sunt
413 4094 556 4190 Tragici
573 4096 693 4170 Poetae
710 4095 826 4168 Ducis
844 4095 901 4168 sui
918 4099 956 4168 et
972 4091 1159 4168 Autistitis
1177 4118 1237 4168 ex·

178 4211 351 4308 emplum,
380 4237 535 4308 quorum
561 4219 685 4286 tamen
714 4212 885 4286 intererat
916 4197 1076 4285 studiose
1105 4235 1148 4284 ea
1176 4236 1237 4285 ex·

220 4389 227 4423 ⁵
251 4391 369 4471 Virqil,
386 4389 427 4452 xi.
442 4391 508 4450 268.
652 4391 664 4426 ¹
692 4391 756 4452 Via.
774 4391 917 4472 Μασφὰ,
930 4389 981 4453 lib.
995 4389 1014 4452 i.
1029 4390 1085 4454 sub
1099 4389 1196 4452 initio.

681 4515 706 4571 Q
723 4493 746 4563 2
