3096 4886
275 264 320 325 82
613 281 828 332 emeseno
849 280 993 341 oerore.

276 426 396 522 ginem
414 421 518 496 fateri
533 420 715 508 videntur,
735 426 774 495 et
790 425 947 518 possunt
965 442 1044 492 esse
1062 417 1245 516 simplices
1263 419 1334 492 illae

277 564 429 615 summae
447 536 674 636 antiquitatis
698 561 743 609 ex
764 537 850 610 fisso
873 537 973 632 ligno
990 535 1097 608 l'aces.
1149 535 1231 610 Nec
1247 561 1334 610 vero

278 660 358 732 olea
386 665 532 731 tantum
554 663 592 728 et
607 655 684 727 vite
704 654 769 728 sed
791 652 898 726 variis
921 652 1109 726 arboribus
1135 653 1335 726 instructus

277 784 334 850 est
350 775 410 848 ille
427 771 573 847 Alcinoi
597 771 754 867 irriguus
773 771 914 858 hortus,
935 769 1044 842 variis
1069 769 1180 843 etiam
1206 768 1334 842 herba·

277 915 360 966 rum
377 902 416 963 et
438 891 578 963 olerum
601 886 794 983 generibus
805 895 837 961 ¹².
889 885 1021 984 Neque
1039 892 1082 959 ut
1096 884 1242 959 videtur
1257 886 1334 958 sru-

279 1006 409 1104 gileras
427 1013 575 1080 tantum
591 1003 739 1077 arbores
757 1003 898 1077 sedeas
916 1003 1024 1077 etiam
1042 1026 1124 1099 quae
1141 1004 1335 1099 sylvestres

279 1130 367 1198 sunt
387 1122 555 1197 colebant
565 1128 592 1209 ¹²,
620 1144 738 1217 neque
755 1121 860 1192 aliter
875 1119 1010 1216 pingue
1027 1129 1065 1193 et
1082 1118 1198 1192 sertile
1214 1120 1337 1192 solum

278 1242 403 1315 laudat
437 1245 555 1337 poeta,
590 1261 701 1335 quam
735 1237 834 1334 quod
875 1235 1064 1310 arboribus
1105 1233 1335 1308 conserendis

279 1372 452 1445 idoneum
468 1369 527 1456 sit,
546 1355 664 1440 καλὸν
686 1362 872 1466 φυταλιῆς
881 1384 906 1436 ⁰.
949 1366 1035 1439 Jam
1051 1389 1138 1439 vero
1156 1365 1246 1438 illud
1262 1389 1337 1438 me·

280 1487 381 1560 lioris
397 1487 484 1559 vitae
500 1483 674 1557 indicium
697 1483 826 1556 lubens
852 1483 1062 1579 amplector.
1115 1481 1210 1566 Quis
1236 1482 1336 1554 enim

279 1603 423 1677 dubitet
439 1600 618 1696 migrandi
637 1599 715 1696 jam
738 1601 849 1674 finem
866 1600 995 1674 fecisse
1015 1599 1159 1674 Graecos
1177 1624 1263 1673 eum
1280 1623 1336 1671 ar·

278 1718 427 1806 boribus
457 1716 689 1812 conserendis
723 1740 871 1812 operam
905 1718 1053 1805 dabant,
1085 1743 1166 1815 qnae
1200 1717 1338 1791 scilicet

282 1841 305 1871 “
322 1833 427 1906 alteri
443 1834 574 1924 ‚seculo'
599 1832 800 1930 protirturae
825 1831 953 1908 sint?’'
1007 1833 1091 1908 Hoc
1107 1858 1194 1907 vero
1219 1843 1276 1907 est
1299 1833 1339 1906 in

279 1951 374 2049 agris
391 1951 607 2038 consedisse,
627 1974 700 2024 non
718 1954 862 2024 tantum
881 1951 951 2046 ipsi
968 1975 1060 2048 quos
1080 1952 1253 2039 colerent,
1272 1950 1338 2024 sed

280 2067 390 2142 etiam
406 2093 499 2165 quos
517 2066 672 2166 posteris
691 2066 886 2140 traderent.

332 2184 445 2269 Quod
465 2191 561 2258 artes
587 2195 727 2283 spectat
748 2208 830 2282 quae
854 2183 1064 2260 humiliores
1090 2191 1179 2258 sunt
1203 2189 1241 2257 et
1258 2183 1338 2257 Me·

281 2299 441 2375 cbanicae
474 2309 665 2390 vocant-ur,
701 2301 828 2398 paucis
862 2313 959 2376 certe
993 2303 1157 2378 contenti
1190 2303 1340 2375 fuerunt

280 2416 410 2504 Graeci,
428 2441 495 2492 nec
512 2443 600 2490 vero
617 2419 751 2492 harum
777 2419 928 2493 omnino
955 2427 1132 2518 expertes.
1187 2419 1232 2492 In
1249 2419 1339 2492 lani·

280 2533 363 2608 ficio
389 2557 466 2608 sese
491 2537 706 2609 exercebant
732 2535 911 2623 mulieres,
931 2543 969 2608 et
993 2541 1111 2610 totam
1131 2536 1206 2608 fere
1222 2535 1339 2608 vitam

280 2651 320 2724 in
337 2650 405 2724 hac
421 2661 498 2726 arte
513 2660 729 2748 posuerunt.
774 2653 865 2725 Erat
882 2653 994 2725 etiam
1010 2649 1191 2725 soemineae
1207 2651 1338 2740 laudis,

281 2767 393 2865 siquae
417 2768 580 2842 vestibus
605 2792 673 2842 sua
695 2792 807 2841 manu
833 2767 1057 2842 concinnatis
1080 2767 1200 2840 virum
1225 2791 1338 2840 suum

282 2907 357 2981 prae
374 2885 513 2957 caeteris
530 2890 675 2958 ornaret
684 2930 710 2970 ρ.
762 2884 925 2957 Eandem
951 2885 1062 2958 etiam
1087 2893 1202 2958 artem
1219 2883 1339 2959 vietus

280 2999 397 3095 gratia
421 3001 647 3087 exercebant,
674 3026 749 3075 non
775 3001 874 3074 enim
898 2999 1022 3098 ignota
1046 3007 1125 3074 erat
1148 3000 1219 3074 illis
1245 3011 1338 3074 tem-

282 3127 444 3225 poribus,
475 3113 569 3220 γυνὴ
605 3125 778 3224 χερνῆτις
813 3117 957 3222 ἀληθὴς
965 3123 992 3201 q.
1059 3131 1200 3204 Caetera
1227 3131 1339 3205 etiam

281 3243 434 3316 artificia
473 3249 635 3339 quaestus
675 3247 793 3343 gratia
830 3247 1054 3322 excolebant.
1124 3246 1224 3321 Hinc
1258 3247 1338 3320 Ho-

283 3367 427 3436 merus¹
442 3391 504 3432 :—

519 3557 561 3570 -
572 3531 598 3586 sl
609 3533 645 3602 μὴ
658 3537 710 3591 νῦν
722 3529 748 3588 oi
761 3535 910 3606 δημιοεργοὶ
923 3533 1006 3596 ἔασιν,

442 3625 550 3691 blo'm,
565 3625 581 3696 ᾗ
596 3628 686 3701 ἰητῆρα
699 3635 791 3695 mxiv,
806 3629 821 3700 ἢ
834 3629 940 3684 τέκτονα
954 3627 1063 3700 deriput,

434 3720 477 3778 ‘R
492 3724 533 3780 ml
548 3723 643 3781 θέσπιν
655 3724 753 3794 mater,
768 3723 784 3779 ὅ
796 3747 840 3781 κεν
852 3727 979 3798 τέρπῃσιν
992 3725 1092 3780 ἀείδων.

285 3892 334 3967 Et
358 3892 480 3990 ipsum
505 3893 595 3970 illud
621 3875 815 3971 commune
841 3897 975 3971 borum
1001 3895 1181 3972 artificum
1207 3919 1341 3971 nomen

330 4115 352 4146 ⁸
368 4105 422 4166 Od.
438 4118 474 4164 ll.
493 4131 548 4176 rra,
562 4108 614 4170 &a
871 4121 886 4166 Ρ
902 4113 956 4174 Od.
969 4127 999 4174 Τ.
1015 4137 1074 4190 ¹²5·
1087 4113 1152 4184 dc..
1168 4133 1225 4188 255·

326 4185 520 4250 umam
872 4192 1068 4267 raum.

326 4263 398 4323 ⁰11.
414 4277 443 4325 Z.
462 4280 585 4354 resisti.
601 4284 666 4342 3¹43
687 4282 718 4330 Υ.
735 4281 792 4335 185.
872 4282 883 4312 ¹
900 4273 956 4333 Od.
971 4287 999 4334 P.
1015 4275 1074 4349 ³⁸³·
