3096 4886
443 259 656 310 rnamorro
679 259 796 310 amaa
821 260 1078 314 rnrooonaars
1272 241 1291 303 7

237 410 336 506 quod
353 407 399 484 iis
413 409 612 506 praesertim
628 431 780 506 poeseos
797 408 988 506 generibus
1011 409 1192 506 congruit,
1211 433 1293 508 quae

237 525 415 624 dignitate
439 549 507 600 sua
534 550 609 624 prae
633 527 772 600 ceteris
797 526 978 600 eminent:
1004 526 1048 600 dc
1078 525 1122 599 iis
1153 527 1293 622 legibus

237 666 318 739 quae
335 647 498 716 nontam
510 641 678 740 Satyrioae
695 649 733 716 et
749 642 924 739 Elegiacoe
937 639 1038 738 poesi
1050 665 1161 738 quam
1173 641 1295 738 Epicae

236 758 560 858 grandiloquentiae
579 768 616 834 et
637 757 738 856 gravi
762 758 963 854 Trogoediae
985 759 1165 832 cothurno
1191 759 1294 855 adju-

238 873 417 950 dicantur.
470 873 691 971 Quanquam
708 873 761 946 illi
778 873 889 948 etiarn
907 873 969 971 qui
986 873 1079 948 ruris
1097 873 1240 949 delicias
1258 881 1299 948 et

236 993 487 1070 amoenitatem
513 993 617 1066 nobis
642 991 809 1066 exhibere
834 995 978 1081 volunt,
1002 1018 1077 1068 non
1102 993 1193 1068 illud
1217 994 1295 1091 plc-

237 1135 392 1208 rumque
405 1119 529 1208 agunt,
544 1115 588 1184 ut
600 1110 784 1207 exemplar
798 1109 947 1208 aliquod
964 1109 1010 1183 ad
1027 1110 1202 1185 amussim
1213 1109 1294 1184 imi-

236 1235 373 1316 tentor,
401 1234 440 1302 et
468 1252 590 1302 rerum
618 1226 859 1324 singularium
893 1227 1112 1302 differentias
1140 1228 1296 1302 fideliter

236 1347 452 1442 exprimant,
479 1346 542 1419 sed
570 1350 749 1419 attotam
772 1343 1053 1442 descriptionem
1081 1346 1127 1418 ad
1153 1350 1294 1420 naturae

237 1471 274 1536 et
291 1461 452 1536 veritatis
469 1486 636 1536 normam
661 1468 893 1558 componant.
945 1461 1096 1536 Frustra
1111 1461 1150 1536 in
1170 1461 1293 1536 Phaea·
1336 1485 1339 1492 ·

237 1603 323 1654 cum
339 1588 436 1652 terra
453 1577 597 1652 Alcinoi
614 1577 740 1652 hortos
757 1578 941 1676 requiras;
969 1578 1105 1652 frustra
1125 1577 1222 1652 inter
1237 1578 1293 1652 in·

237 1694 334 1768 sulas
350 1691 528 1790 Tyrrheni
555 1693 664 1766 maris
685 1693 971 1790 pulcherrimum
997 1694 1087 1768 illud
1113 1693 1293 1794 Calypsus

237 1809 472 1897 domicilium.
525 1809 622 1884 Satis
644 1810 692 1883 sit
714 1810 921 1885 istiusmodi
942 1835 1033 1901 esse,
1059 1837 1139 1909 quae
1161 1812 1237 1886 fieri
1256 1819 1295 1886 et

235 1927 388 2002 inveniri
416 1931 572 2024 possunt
601 1926 710 2000 salvis
744 1938 885 2001 naturae
912 1929 1063 2024 legibus.
1116 1928 1228 2014 Quod
1263 1929 1294 2002 si

236 2044 327 2118 illud
343 2045 383 2117 in
405 2043 514 2118 rebus
532 2041 702 2116 inanimis
725 2044 848 2118 locum
874 2045 994 2134 habet,
1014 2056 1153 2142 quanto
1179 2046 1293 2142 magis

236 2185 323 2234 cum
348 2161 394 2233 ad
419 2159 532 2234 vitam
557 2159 755 2232 humanam
781 2185 820 2234 se
843 2161 982 2236 confert
1010 2173 1129 2260 poeta.
1182 2163 1295 2238 Videt

237 2277 372 2352 seilicet
397 2300 482 2350 eum
506 2274 667 2350 historiae
691 2277 802 2350 finem
828 2302 918 2370 esse,
939 2286 981 2352 ut
998 2304 1043 2352 ex
1069 2281 1177 2354 rebus
1203 2306 1293 2378 prae·

237 2393 352 2468 teritis
374 2394 418 2468 de
443 2393 576 2468 futuris
602 2393 666 2466 fiat
687 2393 907 2491 conjectura,
926 2402 970 2470 ut
992 2421 1038 2470 ex
1059 2399 1167 2472 rebus
1184 2399 1295 2494 gestis

237 2520 276 2588 et
291 2511 452 2585 moribus
475 2536 603 2586 eorum
626 2510 688 2609 qui
708 2512 786 2585 vita
804 2513 881 2608 jam
907 2520 1138 2587 excesserunt
1163 2514 1210 2586 ad
1230 2513 1294 2586 ho·

237 2627 376 2703 minum
401 2628 659 2703 accuratiorem
685 2628 851 2703 notitiam
878 2653 944 2703 nos
968 2629 1121 2704 erudiat.
1173 2629 1295 2702 Aliam

238 2745 360 2844 itaque
382 2746 583 2842 ingreditur
599 2744 708 2834 viam,
736 2745 851 2842 magis
877 2752 1014 2819 certam
1037 2752 1075 2819 et
1099 2747 1215 2842 magis
1233 2771 1295 2818 ex·

239 2863 409 2962 peditam,
441 2869 491 2952 et,
521 2864 704 2960 perruptis
730 2863 775 2937 iis
809 2862 963 2936 vinculis
994 2888 1075 2959 quae
1105 2862 1295 2936 historiam

239 2981 345 3056 nimis
370 2986 469 3054 arcte
494 2979 761 3076 constringunt,
789 3004 865 3052 non
892 2978 1052 3054 seriatim
1077 2979 1204 3076 populi
1232 2980 1295 3052 ali·

134 3179 136 3184 ,
239 3098 344 3196 cujus
370 3123 428 3174 res
452 3109 571 3196 gestas
595 3106 769 3186 recenset,
795 3098 859 3171 sed
876 3098 923 3171 ad
948 3097 1038 3171 illud
1063 3097 1161 3196 quod
1179 3097 1296 3194 magis

238 3215 440 3290 universale
468 3225 523 3291 est
551 3213 726 3312 confugit,
758 3239 831 3313 quo
860 3213 1000 3287 facilius
1031 3215 1075 3286 od
1104 3215 1296 3288 hominum

238 3333 407 3429 notitiam
432 3357 499 3407 nos
524 3333 676 3407 erudiat.
729 3331 761 3403 li
785 3331 884 3404 enim
919 3353 1048 3418 morea,
1076 3355 1118 3403 ea
1148 3331 1297 3406 consilia

238 3450 344 3522 nobis
362 3449 502 3547 optimo
521 3456 629 3524 erunt
646 3449 878 3538 documento,
898 3473 979 3546 quae
1003 3471 1078 3519 non
1098 3447 1206 3520 unius
1224 3447 1296 3521 loci

238 3574 337 3656 sunt,
365 3592 483 3666 neque
507 3591 582 3641 una
605 3572 752 3640 tantum
778 3568 856 3640 vioe
883 3566 1094 3652 obveniunt,
1124 3566 1187 3637 sed
1214 3588 1294 3659 quae

233 3684 342 3781 juxta
365 3685 452 3760 vitae
468 3685 638 3758 humanae
660 3684 840 3757 rationem
866 3680 1064 3778 sepissime
1090 3677 1294 3752 obvenient.

238 3800 369 3900 ltaque
385 3802 603 3875 Homericus
621 3800 682 3874 ille
692 3799 867 3887 Achilles,
881 3797 978 3894 quod
996 3817 1114 3868 mores
1132 3801 1170 3867 et
1187 3795 1295 3869 affec·

237 3926 299 3996 tus
315 3921 394 4018 ejus
412 3919 556 4007 attinet,
574 3942 651 3992 non
667 3941 713 3992 ex
730 3916 891 3991 historiae
907 3913 978 3986 fide
1001 3911 1147 4010 pendet,
1169 3912 1232 3986 sed
1250 3936 1295 3984 ex

238 4061 282 4112 eo
313 4037 412 4135 quod
439 4037 485 4112 ad
510 4036 595 4111 vitae
623 4058 791 4108 nonnam
817 4032 978 4108 effictum
1008 4031 1141 4118 habes;
1178 4052 1296 4126 neque

240 4153 444 4253 Odysseam
463 4150 613 4228 Homeri
631 4176 676 4226 ex
694 4175 817 4228 rerum
834 4149 986 4226 veritate
1003 4152 1100 4222 reete
1117 4145 1295 4220 aestimare

240 4269 369 4368 possis,
390 4271 453 4346 sed
470 4295 516 4344 ex
533 4294 576 4343 eo
595 4269 693 4368 quod
