3058 4908
313 321 378 388 276
586 330 799 380 rnnnnorro
818 331 1095 382 oncrum-snm.

311 490 391 558 tota
413 506 536 554 rerum
560 481 652 554 serie
676 490 713 553 et
730 478 914 553 versiculis
940 479 1018 552 istis
1044 480 1174 576 saepius
1199 436 1378 578 repetiti&

315 625 382 674 nos
399 603 524 672 monet
542 597 654 670 Poeta
669 629 730 669 :—

473 773 664 846 Μνηστὴρεσσι
677 775 760 845 φόνον
774 775 824 829 σὺν
836 773 932 843 Ἀθήνῃ
945 776 1108 845 μερμηρίζω

471 867 549 927 Ἀλλ’
563 872 645 926 decbr
658 873 746 939 κίνησε
760 875 823 943 κάρη
837 873 901 926 κακὰ
913 871 1130 940 βυσσοδομεύων.

313 1037 385 1109 Sed
412 1044 450 1109 et
477 1037 624 1109 alterius
653 1034 793 1130 generis
823 1035 989 1130 quaedam
1019 1035 1141 1122 habes,
1171 1035 1276 1130 quale
1305 1043 1363 1106 est

312 1154 451 1250 Ulyssis
481 1179 566 1226 cum
596 1153 774 1248 Penelope
801 1175 868 1223 sua
897 1153 1130 1248 colloquium,
1160 1164 1196 1224 et
1225 1149 1361 1246 agnitio

312 1272 475 1366 ejusdem
500 1271 546 1342 ab
572 1269 760 1365 Euryclea,
787 1293 844 1341 res
869 1269 1020 1341 fortasse
1047 1267 1194 1341 humilis
1219 1267 1282 1341 sed
1307 1266 1361 1338 as-

311 1391 429 1463 sectus
456 1387 679 1462 suavissimi:
713 1411 829 1458 novus
857 1387 965 1458 etiam
992 1386 1151 1458 adscitur
1173 1411 1218 1458 ex
1248 1385 1361 1457 servis

312 1506 386 1580 suis
417 1505 546 1578 socius.
600 1503 661 1576 Ad
687 1527 866 1575 summam
894 1502 931 1574 in
958 1503 1026 1574 hac
1055 1503 1232 1598 poematis
1259 1509 1363 1598 parte

311 1645 505 1720 procorum
539 1620 615 1692 vita
654 1630 691 1692 et
728 1643 846 1692 mores
886 1619 992 1715 plene
1026 1621 1288 1704 describuntur,
1323 1623 1362 1691 et

243 1745 248 1754 ’
312 1738 498 1812 suboritur
531 1761 664 1832 magna
699 1736 804 1809 istius
838 1736 1012 1832 temporis
1050 1737 1255 1832 expectatio
1289 1761 1363 1834 qua

312 1856 463 1952 Ulysses
490 1878 594 1927 suam
612 1877 802 1949 personam
828 1877 998 1948 gessurus
1024 1859 1091 1939 est,
1110 1865 1148 1925 et
1173 1878 1259 1926 cum
1277 1853 1363 1925 hos-

311 1973 410 2045 tibus
441 1982 623 2045 certamen
652 1970 819 2042 initurus.
871 1969 984 2043 Vates
1011 1969 1159 2068 insuper
1186 1971 1362 2067 Theocly·

311 2113 441 2162 menus
459 2114 544 2162 eum
561 2088 599 2160 in
615 2089 725 2160 finem
743 2088 780 2159 in
800 2086 965 2184 Odyssea
990 2111 1074 2160 suas
1100 2095 1221 2184 partos
1238 2088 1360 2176 habet,

311 2214 356 2280 ut
380 2207 606 2303 frequentem
631 2205 676 2277 de
692 2205 836 2300 Ulyssis
862 2205 979 2278 reditu
1003 2205 1225 2278 mentionem
1242 2205 1362 2292 faciat,

311 2348 429 2420 neque
447 2347 547 2420 spem
564 2323 643 2418 ejus
666 2347 711 2394 ex
727 2321 926 2417 Penelopes
945 2328 982 2394 et
1003 2332 1217 2394 caeterorum
1233 2321 1365 2395 animis

312 2441 475 2514 excidere
501 2441 606 2512 sinat.
661 2437 789 2534 Itaque
815 2439 861 2510 ad
886 2437 996 2509 finem
1016 2439 1094 2533 jam
1110 2445 1281 2535 vergente
1306 2464 1364 2511 re-

310 2581 394 2628 rum
420 2579 529 2629 cursu
554 2554 640 2627 diris
666 2553 848 2651 praesagiis
871 2554 1032 2628 futuram
1055 2580 1248 2651 procorum
1270 2562 1363 2630 stra-

310 2697 392 2768 gem
410 2673 605 2746 denunciat
622 2681 659 2744 et
676 2671 721 2744 ab
739 2696 866 2743 eorum
884 2671 1054 2744 societate
1071 2696 1109 2744 se
1127 2673 1290 2769 proripit.

361 2792 422 2862 21.
450 2789 613 2862 Tandem
641 2785 820 2882 Penelope
849 2793 907 2860 tot
934 2787 1039 2860 malis
1064 2789 1158 2861 fessa
1181 2789 1279 2861 viam
1306 2789 1364 2862 in·

307 2907 408 2979 venit
435 2930 508 3003 qua
536 2906 582 2977 ad
609 2904 745 2978 exitum
772 2912 852 2977 tota
881 2929 938 2977 res
965 2906 1363 3004 perducatur—siquis

310 3023 442 3117 inquit,
462 3021 604 3118 Ulyssis
630 3044 754 3094 arcum
772 3022 920 3094 tendere
945 3035 982 3094 et
1005 3021 1155 3117 dirigere
1172 3023 1281 3110 valet,
1299 3024 1362 3098 ille

309 3138 420 3209 etiam
451 3137 595 3235 Ulyssis
629 3139 782 3234 conjuge
813 3137 943 3233 dignus
977 3137 1183 3235 sit—atque
1218 3141 1256 3212 in
1290 3141 1363 3214 hoc

309 3253 444 3325 iterum
462 3255 659 3326 certamine
675 3253 816 3350 Ulyssis
841 3265 879 3326 et
904 3253 1127 3327 inimicorum
1146 3256 1225 3350 ejus
1242 3256 1298 3329 vis
1324 3265 1363 3330 et

308 3371 426 3443 virtus
453 3395 496 3442 ex
523 3371 674 3443 adverso
702 3370 944 3467 conspicitur;
972 3371 1032 3443 ille
1061 3373 1283 3446 etiamdum
1313 3375 1364 3447 ab

312 3487 464 3560 Eumaeo
482 3494 520 3560 et
537 3486 704 3560 Philaetio
729 3487 939 3584 agnoscitur
955 3495 994 3560 et
1016 3513 1083 3562 sua
1102 3489 1173 3562 illis
1190 3491 1363 3564 mandata

310 3605 494 3677 distribuit
512 3603 633 3677 omnia
647 3605 723 3700 jam
740 3611 867 3699 parata
884 3605 1004 3678 habet.

361 3723 421 3792 22.
449 3719 577 3816 Itaque
602 3720 787 3792 occasione
813 3731 957 3816 arrepta
981 3721 1018 3793 in
1036 3727 1216 3795 certamen
1239 3725 1366 3820 prodit

308 3847 347 3909 et
367 3834 517 3908 seliciter
540 3860 625 3907 cum
649 3834 803 3909 inimicis
829 3862 1042 3934 congressus
1064 3841 1214 3913 tandem
1236 3841 1282 3912 ad
1305 3841 1364 3914 in-

307 3953 553 4026 ternecionem
571 3976 697 4025 omnes
715 3953 883 4026 trucidat.

361 4074 421 4157 23,
437 4072 497 4141 24.
518 4069 728 4166 Sequuntur
739 4080 782 4142 ut
798 4071 837 4142 in
848 4071 962 4146 Iliade
976 4073 1049 4146 duo
1065 4074 1147 4146 libri
1161 4075 1224 4170 qui
1240 4085 1364 4150 totum

309 4210 402 4282 opus
437 4187 623 4273 claudunt,
653 4211 809 4282 quorum
842 4189 935 4261 alter
967 4190 1188 4285 agnitionem
1216 4191 1364 4288 Ulyssis

309 4327 331 4375 a
349 4303 530 4397 Penelope
547 4313 584 4376 et
601 4304 732 4376 domus
755 4328 830 4377 suae
849 4330 906 4380 res
924 4313 1077 4403 spectat,
1095 4309 1187 4382 alter
1203 4333 1360 4405 regnum
