3096 4886
279 293 300 356 2
488 307 701 358 rnnrncrro
722 307 840 358 parur
867 272 1128 396 rrrudvmrrs

279 463 404 532 autem
426 462 590 545 monent,
616 455 717 530 omni
738 477 828 529 cura
849 451 1064 530 enitendum
1087 477 1178 544 csse,
1197 456 1337 556 siquid

278 575 373 651 forte
388 573 518 648 vestris
535 571 682 648 auribus
700 571 851 669 dignum
868 570 1027 668 proferre
1043 572 1193 669 possim.

331 693 476 767 Interea
498 693 537 766 in
564 715 607 764 ea
628 688 827 789 quaestione
852 712 1050 778 versamur,
1078 714 1189 787 quam
1210 715 1338 766 omncs

278 811 318 886 in
342 812 481 887 deliciis
502 811 649 899 babent,
667 809 731 907 qui
753 832 832 882 earn
849 810 908 882 vel
930 808 1057 906 primis
1076 809 1186 884 labris
1209 809 1338 905 attige-

279 931 389 1011 runt3
416 923 456 998 in
473 947 515 997 ea
532 925 691 1021 insuper,
705 923 744 996 in
761 946 833 1020 qua
850 945 972 995 rerum
989 923 1131 1018 copiam
1148 928 1186 996 et
1197 925 1338 1020 sylvam

279 1043 378 1116 haud
396 1041 500 1116 facile
518 1040 706 1114 desideres.
760 1039 894 1112 Parum
917 1039 957 1112 in
973 1039 1042 1112 hac
1063 1063 1102 1113 re
1118 1039 1256 1129 vident,
1275 1041 1339 1138 qui

280 1157 352 1232 arti
369 1156 513 1232 Oriticae
529 1157 589 1230 vel
611 1157 733 1230 locum
757 1156 796 1228 in
822 1180 896 1252 quo
913 1155 1103 1252 spatietur,
1122 1157 1182 1229 vel
1198 1155 1340 1252 elegan-

279 1275 350 1348 tias
380 1273 512 1372 quibus
538 1295 577 1346 se
604 1274 773 1361 oblectet,
801 1271 925 1346 deesse
950 1270 1181 1346 arbitrantur.
1235 1271 1338 1357 Quo-

280 1414 424 1488 cunque
440 1396 563 1463 autem
581 1412 620 1463 se
644 1393 846 1475 convertat,
864 1385 974 1460 modo
991 1397 1088 1460 recte
1113 1393 1151 1462 et
1174 1397 1341 1462 accurate

280 1506 481 1605 disquisitio
518 1507 593 1592 fiat,
627 1530 760 1602 magno
794 1511 894 1578 certe
935 1505 1115 1578 bonarum
1150 1505 1338 1580 literarum

280 1625 540 1724 emolumento.
561 1623 703 1694 labores
737 1645 824 1693 suos
857 1619 1028 1693 instituit.
1082 1621 1202 1695 Unica
1237 1623 1339 1695 Grac·

282 1767 409 1816 corum
425 1741 545 1838 poesis
570 1741 732 1836 amplam
749 1740 837 1812 satis
862 1740 1062 1828 materiem,
1082 1750 1119 1814 et
1138 1741 1250 1837 (quod
1267 1743 1337 1815 mi-

282 1863 408 1933 rentur
430 1858 584 1932 sortasse
609 1857 789 1948 nonnulli)
809 1879 941 1953 magna
964 1880 1010 1929 ex
1035 1863 1139 1953 parte
1163 1855 1340 1932 illibatam

282 1978 382 2051 ultro
411 1975 675 2050 subministrat.
727 1973 909 2070 Magnum
936 1973 1040 2060 soret,
1069 1997 1136 2047 nec
1160 1973 1340 2050 infructu-

283 2119 402 2184 osum,
415 2092 553 2191 Lyricae
566 2115 716 2189 poeseos
729 2101 899 2165 naturam
912 2100 949 2164 et
959 2089 1149 2189 originem,
1162 2099 1341 2188 quantum

284 2211 364 2284 fieri
382 2215 515 2306 potest,
530 2207 738 2306 diligentius
755 2209 972 2306 perscrutari
986 2239 996 2296 ;
1023 2207 1131 2304 pauci
1147 2209 1244 2283 enim
1255 2219 1342 2284 sunt

285 2327 404 2426 quiin
422 2328 494 2401 hoc
510 2350 640 2423 genere
661 2325 793 2423 integri
816 2324 862 2399 ad
879 2349 946 2398 nos
966 2335 1210 2422 pervenerunt
1227 2327 1340 2423 scrip-

285 2453 406 2530 tores3
433 2455 521 2518 sunt
556 2449 593 2517 et
627 2445 793 2541 quaedam
828 2443 967 2539 species
1001 2443 1140 2541 Lyricae
1176 2467 1340 2542 poeseos,

286 2586 378 2660 quas
397 2566 543 2635 tanturn
567 2559 714 2634 nomine
739 2569 846 2632 tenus
872 2559 1109 2656 assequimur.
1162 2558 1342 2656 Magnum

287 2681 385 2752 soret
408 2677 535 2752 mediae
557 2687 594 2751 et
619 2701 724 2750 novae
740 2674 940 2748 Comoediae
964 2675 1063 2771 apud
1083 2675 1224 2750 Atticos
1245 2676 1342 2749 relli-

286 2793 390 2890 quias
415 2792 467 2865 ita
489 2792 527 2864 in
554 2815 671 2865 unum
696 2811 829 2886 corpus
852 2786 1025 2876 conferre,
1052 2799 1095 2862 ut
1120 2789 1166 2864 de
1190 2788 1343 2886 singulis

287 2908 524 3006 scriptoribus
540 2907 785 3004 conjecturam
802 2907 961 3002 aliquam
976 2903 1186 2996 faceremus,
1205 2911 1244 2980 et
1261 2932 1343 3004 pro·

287 3023 370 3122 pius
387 3023 613 3097 intueremur
628 3019 747 3095 Attici
764 3019 909 3094 Theatri
925 3026 1167 3094 venustatem.
1220 3019 1344 3096 Etiam

287 3141 368 3239 ipsa
384 3163 536 3236 poeseos
552 3137 651 3235 apud
669 3137 817 3211 Graecos
839 3136 941 3234 origo
962 3142 1001 3210 et
1022 3161 1233 3234 progressus
1250 3164 1345 3212 nun·

289 3281 400 3356 quam
425 3256 613 3344 hactenus,
631 3259 811 3353 quantum
831 3251 916 3341 scio,
934 3252 1021 3328 satis
1043 3264 1251 3329 accuratum
1276 3281 1346 3354 pro

290 3376 343 3448 rei
365 3372 603 3470 amplitudine
624 3377 663 3445 et
685 3371 859 3445 varietate
875 3393 1031 3444 examen
1047 3373 1170 3462 subiit,
1190 3373 1280 3446 adeo
1303 3381 1348 3448 ut

290 3515 337 3564 ex
370 3489 438 3564 hac
472 3495 575 3588 parte
609 3491 727 3563 multa
766 3488 840 3561 sint
874 3486 1074 3562 etiamnum
1107 3487 1343 3587 inexplorata.

290 3606 372 3682 Nec
388 3630 474 3681 varo
491 3605 612 3679 minus
629 3603 767 3679 utiliter
787 3603 827 3677 in
846 3605 1039 3679 vetustiori
1057 3603 1195 3680 Critica
1210 3593 1347 3682 versari

290 3725 428 3813 liceret,
454 3747 539 3797 cum
568 3746 663 3797 unus
688 3721 897 3797 Aristotelis
922 3723 1064 3796 libellus
1093 3721 1245 3798 infinitis
1270 3725 1349 3799 fore

293 3841 606 3939 disquisitionibus
632 3840 859 3915 occasionem
885 3837 989 3912 facile
1015 3839 1203 3936 praeberet.
1257 3842 1349 3918 Hrec

294 3969 371 4034 tam
393 3957 585 4054 multiplex
604 3957 756 4034 materia
776 3957 1040 4031 dubitationem
1063 3958 1153 4032 mihi
1175 3983 1249 4032 non
1274 3961 1349 4034 exi·

294 4099 405 4173 guam
429 4076 563 4172 injecit.
615 4077 735 4150 Facile
760 4082 838 4152 erat
871 4075 909 4149 iu
941 4075 1077 4150 Graecis
1111 4077 1350 4175 scriptoribus

294 4193 499 4268 immorari:
527 4194 591 4268 sed
609 4191 807 4268 verendum
823 4199 912 4284 erat,
930 4219 976 4268 ne
997 4194 1089 4268 sorte
1109 4194 1205 4268 iutra
1221 4195 1289 4270 hos
1306 4197 1350 4269 li-

294 4309 414 4404 mites,
438 4311 680 4410 perjucundas
702 4310 789 4386 licet
807 4321 846 4386 et
868 4312 1053 4410 perutiles,
1077 4321 1291 4410 evagaretur
1313 4319 1353 4388 ct
