3096 4886
554 306 765 355 PRAEtlrr‘rlrr
787 307 939 366 orarum.
1230 283 1269 346 61

215 453 342 529 simam
361 455 461 529 illarn
477 455 588 529 animi
602 454 893 542 oblectationem,
905 481 985 553 quae
1003 453 1136 530 invero
1149 479 1271 530 amore

215 569 385 658 cernitur,
417 573 462 645 ab
497 571 565 644 hac
598 577 705 646 aetate
739 595 887 669 prorsus
922 571 1078 646 abfuisse
1109 579 1269 646 censent.

214 686 340 785 longe
357 691 455 764 enim
472 691 577 765 aliter
593 713 631 763 se
648 714 706 763 ras
724 690 845 762 habet.
898 687 1049 763 Frustra
1064 690 1200 764 scilicet
1216 715 1269 763 re·

215 805 337 902 quiras
357 807 482 880 fucum
508 805 622 880 istum
643 812 681 879 et
697 803 875 879 lenocinia
894 805 1042 893 amoris,
1061 831 1141 905 quae
1163 805 1271 880 nimis

215 923 392 1020 exquisita
419 923 660 996 recentiorum
686 946 776 996 cura
807 921 893 996 huic
921 922 972 996 rei
1006 921 1269 1010 circumdedit;

216 1039 279 1112 sed
297 1063 423 1112 verum
442 1048 479 1113 et
497 1039 677 1113 sincerum
695 1039 879 1126 affectum,
892 1064 964 1136 quo
982 1047 1112 1114 natura
1129 1039 1271 1114 animos

216 1154 403 1229 hominum
437 1156 581 1244 imbuit,
612 1154 747 1254 passim
781 1179 980 1252 agnoscas;
1015 1180 1132 1254 neque
1166 1157 1271 1231 illum

215 1278 405 1346 venustate
422 1281 460 1346 et
476 1272 629 1346 mollitie
646 1283 857 1370 expertem
884 1297 1002 1370 neque
1019 1271 1116 1346 enirn
1134 1271 1270 1347 Home·

214 1423 295 1473 rum
313 1403 498 1474 latuerunt
515 1391 716 1496 θελκτήρια
733 1399 815 1488 ista,
834 1425 914 1498 quae
931 1400 968 1474 in
986 1399 1185 1475 alliciendis
1203 1401 1270 1475 ho·

215 1516 356 1590 minum
374 1517 556 1593 mentibus
574 1525 649 1592 tam
668 1518 797 1593 miram
815 1519 889 1593 vim
908 1519 1065 1594 habent*
1078 1549 1141 1592 :-

367 1668 440 1725 'aad
455 1673 491 1726 ἔνι
501 1673 548 1742 μὲν
560 1673 682 1743 φιλότης,
696 1673 724 1728 ἐν
737 1673 759 1727 d'
774 1671 870 1744 ἵμερος,
887 1674 915 1728 e'v
928 1673 950 1728 δ’
965 1673 1089 1744 ὀαριστὺς

373 1769 525 1841 Πάρφοοις,
541 1771 578 1840 ἥτ’
594 1771 692 1842 ἔκλεψε
707 1774 765 1826 νόον
778 1769 845 1828 πύκα
858 1793 908 1843 περ
921 1773 1131 1844 docuerim,-
1148 1765 1152 1774 ’

213 1915 282 1968 nec
298 1894 458 1990 virginea
474 1897 708 1993 pulchritudo
731 1906 769 1971 et
786 1897 1001 1972 verecundia
1018 1900 1143 1996 ignota
1154 1897 1269 1995 jacuit

213 2024 277 2085 aut
294 2011 603 2088 inhonorata⁸:-
1228 2023 1230 2028 ’

370 2171 548 2243 Τριομάκορος
560 2173 608 2240 μὲν
621 2171 667 2226 σοί
679 2191 710 2242 γε
723 2169 808 2242 πατὴρ
822 2171 864 2225 καὶ
877 2173 969 2224 πότνια
982 2169 1075 2242 μήτηρ,

374 2268 552 2340 Τριομάκοριε
565 2269 594 2325 di
607 2269 765 2342 κασίγνητοι·
784 2268 856 2336 μάλα
869 2265 919 2323 not
933 2269 1016 2339 σφισι
1030 2267 1111 2338 θυμὸν

372 2363 433 2418 altr
446 2361 646 2437 οὕφροσῦνῃσιν
659 2365 765 2419 luimus
780 2363 863 2418 εἵνεκα
877 2366 945 2431 σεῖο,

370 2465 543 2516 Λευσσόντων
555 2461 654 2516 τοιόνδε
668 2461 748 2519 θάλος
761 2461 842 2533 χορὸν
854 2459 1045 2535 οἶσοιχνεῦσον.

213 2583 295 2658 Sint
318 2583 429 2682 igitur
446 2585 533 2676 haec,
553 2589 583 2663 si
606 2591 759 2685 placeat,
778 2589 957 2663 severiora
977 2599 1014 2663 et
1037 2585 1266 2686 simpliciora,

212 2709 299 2776 sunt
315 2711 438 2779 tamen
455 2713 493 2780 et
510 2707 662 2780 honesta
678 2713 716 2780 et
733 2707 884 2794 sincera,
904 2715 941 2778 et
963 2712 1007 2778 ut
1024 2703 1144 2778 dicam
1170 2703 1269 2800 quod

212 2821 341 2910 sentio,
363 2829 384 2858 “
399 2829 528 2898 natura
544 2831 621 2897 tam
639 2824 731 2898 bene
749 2822 885 2911 dotata,
904 2821 966 2895 vix
985 2828 1089 2895 curat
1106 2819 1267 2895 ornari.''

260 2936 482 3037 Nuptiarum
500 2939 684 3015 sanctitati
701 2941 818 3014 affinis
842 2947 898 3016 est
914 2939 1031 3014 Patris
1049 2962 1133 3034 erga
1150 2937 1267 3012 filium

210 3077 324 3145 amor,
354 3055 471 3131 affinis
504 3058 615 3132 etiam
643 3059 801 3133 fraterna
828 3057 957 3133 caritas
968 3089 978 3144 ;
1004 3081 1085 3156 quae
1120 3055 1268 3154 quidem

211 3171 334 3246 omnia
360 3200 469 3272 quam
496 3173 634 3274 egregie
664 3175 893 3250 illustrantur
922 3176 1022 3273 apud
1048 3173 1265 3261 Homerum,

209 3313 320 3386 quarn
342 3303 507 3366 accurate
533 3303 570 3368 et
589 3317 673 3367 vere
694 3291 951 3392 depinguntur,
977 3317 1084 3365 nemo
1107 3289 1263 3388 ignorat.

207 3405 290 3481 Nec
302 3432 388 3483 vero
405 3408 444 3482 in
462 3409 519 3484 his
535 3410 702 3484 consistit
712 3409 835 3497 Poeta,
849 3411 913 3482 sed
926 3409 1137 3484 remotiores
1155 3405 1266 3480 etiarn

207 3524 390 3600 affinitatis
407 3526 539 3622 gradus
556 3527 713 3625 attingit,
733 3527 795 3625 qui
817 3528 914 3626 apud
934 3525 1096 3600 homines
1115 3547 1265 3622 prorsus

207 3641 364 3718 incultos
382 3643 483 3718 nihili
500 3645 679 3719 habentur
690 3641 704 3682 l
716 3668 779 3716 :-

360 3793 455 3870 Ὀφρο
468 3795 525 3867 ἴδῃς
538 3801 665 3870 πρότερον
678 3819 706 3852 τε
718 3801 808 3861 πόσιν,
823 3794 905 3865 πηούς
918 3817 956 3864 τε,
970 3793 1068 3868 φίλους
1080 3816 1119 3848 τε.

205 3921 349 3996 Addam
384 3925 494 3997 etiarn
529 3924 618 3998 illud
654 3949 738 3998 curn
767 3923 814 3997 sit
848 3928 945 3998 certe
972 3917 1111 3995 eximiae
1146 3918 1265 3996 suavi·

204 4039 291 4113 latis
302 4057 313 4084 ⁰
326 4073 388 4112 :-

364 4193 436 4267 Aurio
450 4191 504 4248 οὔτ’
520 4195 580 4265 dade
593 4195 655 4250 ἔσκε
669 4197 821 4260 κυνώπιδος,
836 4191 861 4248 ci
872 4193 930 4249 ποτ’
944 4195 988 4262 ἔην
1001 4213 1040 4265 7¹·

225 4318 411 4382 'Il-Mul·
493 4322 693 4395 'OM-154·
776 4320 966 4384 ¹'Il.l'.163.
1048 4317 1237 4376 “HF-180.
