3094 4898
298 247 362 311 136
628 257 840 305 remmono
866 257 1014 305 ocrava

297 432 441 482 scuram
467 407 555 480 artis
585 405 760 503 originem
790 407 828 480 in
854 406 946 480 Chio
976 407 1096 480 insula
1124 409 1237 481 etiam
1265 419 1354 483 ante

296 551 420 600 eorum
438 532 606 624 tempora
622 524 794 621 agnoscit.
830 525 1014 598 Iearcbus
1027 525 1214 621 Rheginos
1227 551 1355 600 eorum

296 644 494 741 discipulus
523 643 678 740 effigiem
706 641 812 715 Jovis
845 666 888 716 ex
922 668 992 716 aere
1027 642 1163 740 primus
1196 643 1356 717 confecit

297 759 467 834 membris
484 760 635 834 seorsim
652 759 796 833 excusis
806 767 830 832 ⁰.
873 758 1048 856 Ejusdem
1065 759 1231 833 authoris
1249 758 1353 834 testi·

296 879 421 950 monio
448 877 604 950 Rhaecus
630 884 668 949 et
692 875 905 949 Theodorus
932 876 1042 948 Samii
1069 877 1178 972 primi
1206 899 1255 948 ex
1281 901 1354 950 aere

296 994 378 1067 fuso
412 993 586 1089 imagines
616 993 867 1066 conflaverunt
891 991 1089 1089 Polycratis
1117 991 1230 1065 Samii
1259 999 1354 1066 tem-

249 1161 257 1176 ·
297 1113 445 1211 poribus
455 1109 481 1184 ⁶.
538 1112 773 1185 Theodorum
790 1123 828 1184 et
844 1112 1026 1186 Teleclem
1043 1112 1168 1186 Rhaeci
1185 1111 1280 1186 filios
1297 1136 1356 1184 ar·

297 1241 372 1304 tem
394 1231 529 1302 hancce
547 1229 592 1302 ab
610 1229 771 1327 AEgypto
789 1236 976 1302 mutuatos
993 1254 1072 1302 csse
1089 1229 1197 1303 refert
1216 1228 1356 1302 Diodo-

299 1354 394 1421 rus‘.
430 1345 644 1419 Theodorus
662 1345 768 1420 etiam
787 1345 926 1442 primus
942 1345 1079 1418 ferrum
1091 1345 1241 1419 fundere
1258 1354 1296 1419 et
1313 1371 1357 1418 ex

299 1489 342 1536 eo
372 1465 475 1560 signa
504 1464 658 1536 conflare
688 1463 814 1537 docuit
824 1459 843 1535 ¹.
898 1463 1081 1559 Insignem
1114 1463 1217 1536 illum
1247 1462 1357 1560 Poly-

299 1580 406 1653 cratis
423 1581 600 1652 annulum
617 1579 777 1675 ejusdem
792 1578 939 1652 artificis
953 1581 1119 1653 manibus
1131 1581 1357 1653 elaboratum

299 1723 377 1772 esse
394 1699 593 1786 tradunt⁸;
622 1699 777 1770 eundem
794 1697 914 1772 Croesi
932 1701 1156 1798 temporibus
1174 1699 1358 1796 adjudicat

301 1816 511 1888 Herodotus
521 1811 548 1888 ¹¹.
598 1815 825 1888 'l'beodorum
852 1840 960 1912 porro
985 1823 1024 1888 et
1045 1815 1219 1889 Rbaecum
1242 1823 1357 1890 artem

300 1933 502 2031 plasticam,
515 1957 625 2029 quam
642 1933 847 2028 sculptum,
861 1931 1023 2029 picturae,
1035 1947 1071 2006 et
1085 1933 1268 2006 statuariae
1282 1957 1359 2006 ma·

303 2062 395 2123 trem
426 2051 611 2146 appellant
637 2048 801 2122 nonnulli
812 2047 830 2134 ¹,
858 2048 1038 2122 invenisse
1067 2049 1176 2122 refert
1204 2049 1358 2138 Plinius,

303 2169 421 2240 multo
434 2179 518 2240 ante
537 2165 755 2239 Bacchiadas
765 2165 943 2239 Corintho
961 2168 1087 2264 pulsos
1095 2164 1124 2253 ¹,
1136 2175 1173 2239 et
1191 2167 1360 2240 Corinthi

301 2293 417 2357 artem
428 2308 531 2357 suam
543 2285 764 2368 exercuisse3
780 2283 867 2356 alios
879 2283 1038 2378 ejusdem
1050 2285 1101 2356 rei
1113 2284 1360 2359 inventionem

305 2402 482 2476 Dibutadi
496 2400 666 2498 Sicyonio
680 2401 849 2474 tribuisse
866 2401 962 2474 idem
976 2401 1115 2476 Plinius
1133 2409 1259 2476 auctor
1271 2415 1328 2477 est
1337 2401 1357 2476 ¹.

304 2520 356 2592 Ex
376 2517 554 2592 Corintho
571 2531 694 2590 autem
717 2517 755 2590 in
773 2517 916 2590 Italiam
938 2526 977 2591 et
994 2519 1175 2592 Etruriam
1199 2520 1276 2592 haec
1300 2545 1360 2594 ars

305 2642 510 2710 transvecta
534 2646 591 2708 est
615 2635 661 2706 ab
687 2635 731 2706 iis
757 2633 819 2729 qui
844 2635 1030 2708 Demarati
1055 2636 1219 2710 fortunas
1245 2638 1361 2710 secuti

304 2761 401 2828 sunt.
457 2752 533 2826 Neo
559 2775 645 2824 vero
676 2752 834 2822 multum
864 2752 958 2824 inter
983 2776 1022 2826 se
1048 2753 1254 2849 discrepant
1280 2753 1361 2828 istas

305 2895 396 2967 quas
418 2867 613 2942 memoravi
633 2869 832 2940 sententiae.
885 2867 1015 2941 Iisdem
1039 2869 1112 2941 sere
1136 2872 1362 2966 temporibus

305 3011 380 3060 uno
407 3011 470 3059 ore
497 3009 623 3058 omnes
649 2985 735 3056 artis
766 2985 915 3080 hujusce
941 2985 1115 3081 originem
1140 2987 1360 3083 adjudicant,

307 3127 433 3175 omues
458 3102 565 3174 etiarn
592 3103 631 3174 in
655 3126 700 3174 eo
721 3103 954 3176 consentiunt
975 3104 1033 3176 vel
1056 3105 1093 3175 in
1115 3103 1235 3176 insula
1253 3103 1362 3178 Sauro

307 3221 365 3292 vel
398 3219 495 3314 apud
522 3217 742 3291 Corinthum
775 3226 814 3292 et
847 3219 1038 3316 Sicyonem
1071 3245 1149 3293 eam
1184 3221 1363 3318 praecipue

307 3335 482 3422 floruisse,
495 3347 531 3408 et
544 3336 589 3408 ab
603 3335 846 3409 istis-officinis
859 3337 897 3408 in
909 3335 996 3410 alias
1009 3339 1116 3411 urbes
1125 3351 1363 3435 propagatam

308 3455 429 3526 luisse.
478 3453 509 3524 ll
514 3463 663 3526 actenus
681 3453 858 3526 tamenin
875 3453 1038 3528 Deorum
1056 3455 1129 3526 fere
1146 3455 1364 3552 imaginibus

310 3571 532 3658 substiterat,
553 3595 670 3666 neque
689 3581 773 3643 ante
791 3569 926 3644 Phidiae
943 3579 1109 3669 tempora
1125 3573 1291 3646 absoluta
1308 3582 1365 3648 est

352 3747 361 3768 ‘
383 3736 528 3805 Pansam,
543 3732 562 3792 l,
578 3733 620 3792 iii.
635 3753 661 3792 c.
683 3752 725 3811 17.
900 3735 906 3767 ἰ
928 3736 1013 3795 Ptin.
1029 3736 1116 3795 Hiar.
1133 3737 1220 3808 Nat,
1235 3735 1255 3797 l.
1269 3757 1364 3800 mv.

350 3815 361 3845 ‘¹
385 3816 468 3886 lbld.,
484 3817 502 3873 l.
514 3813 573 3872 viii.
590 3833 615 3872 c.
635 3837 680 3884 ¹43
705 3812 818 3893 Olymp.
861 3835 886 3875 c.
901 3825 942 3887 ⁴⁶.

312 3895 488 3954 tocirciter.
900 3894 1020 3953 ¹AEtns
1056 3913 1118 3954 non
1155 3897 1297 3956 convenit
1338 3899 1364 3957 si

351 3982 363 4010 ⁶
384 3973 475 4032 Diod.
492 3974 561 4044 Sia,
578 3973 597 4032 l.
615 3973 633 4031 i.
649 3993 673 4032 c.
691 3973 744 4032 ult.
860 3975 984 4052 Vulgat.
999 3975 1108 4034 Chron.
1122 3977 1265 4054 sequaris.
1291 3975 1362 4038 vid.

353 4051 362 4083 '
382 4053 527 4122 Paucum,
542 4053 560 4110 l.
579 4052 636 4110 rili.
653 4073 678 4110 c.
698 4079 735 4114 rr.
857 4059 954 4115 al'errl.
976 4055 1094 4122 Clron,
1110 4075 1137 4134 p.
1158 4081 1211 4126 ¹4³·

353 4138 364 4171 ¹
386 4129 576 4204 lbid.,e.14;
599 4133 723 4202 Herod,
738 4133 756 4191 l.
774 4131 814 4190 iii.
896 4135 902 4167 ¹
923 4134 1005 4193 Plio.
1026 4133 1108 4194 Hira
1128 4137 1214 4206 Nat..
1238 4133 1256 4192 l.
1278 4155 1365 4195 mr.

313 4228 338 4266 c.
353 4233 394 4280 ss·
859 4235 884 4274 c·
899 4241 939 4286 ta·

353 4287 368 4328 l
391 4287 510 4354 Herod,
525 4286 544 4347 l.
561 4289 579 4348 i.
596 4310 620 4348 c.
638 4317 678 4364 5¹·
