3058 4908
501 349 712 400 Pnnnncnro
742 350 947 399 nannum.
1190 343 1251 406 187

200 506 240 579 in
280 500 469 599 colloquiis
509 503 604 574 inter
636 500 842 574 familiares.
907 499 995 572 Non
1029 499 1150 573 Poetae
1188 502 1251 574 sed

197 619 416 717 Xenophon¹
431 618 495 692 sed
517 619 624 690 Plato
649 627 687 690 et
711 616 918 714 quicunque
944 617 1092 690 demum
1115 617 1252 691 suerint

151 787 155 800 ·
196 737 330 812 Attioae
346 734 561 831 eloquentiae
578 733 815 829 elegantiores
842 730 1004 828 magistri
1020 732 1091 806 illis
1107 733 1250 830 potissi-

198 879 301 928 mum
335 859 504 926 utuntur.
572 851 700 946 Neque
735 849 805 946 ipsi
839 846 1092 923 Mathematici
1125 876 1251 924 eorum

197 995 308 1044 usum
325 973 504 1043 recusant.
558 967 708 1040 Habent
725 967 888 1064 profecto
913 976 950 1039 et
976 990 1155 1040 summam
1173 968 1249 1042 vim

198 1109 237 1174 et
261 1104 491 1172 venustatem
516 1096 746 1193 exquisitam,
777 1122 811 1168 v.
820 1121 854 1192 g.
882 1095 1060 1192 particula
1091 1083 1136 1186 δὴ
1165 1121 1251 1170 oon·

198 1215 367 1292 firmandi
391 1239 537 1287 sensum
557 1215 689 1286 habet:
721 1235 819 1284 nuno
841 1213 964 1310 itaque
983 1213 1153 1288 carminis
1175 1238 1249 1287 ma-

195 1332 321 1430 jestati
336 1329 487 1404 inservit
500 1363 561 1404 :-

357 1485 470 1554 evpor³
484 1483 514 1552 δὴ
528 1481 609 1554 μέγας
623 1482 681 1536 ι’στὶ
695 1480 854 1554 διοτρεφέων
867 1483 1034 1551 βασιλῆων“.

358 1615 397 1684 Aa)
410 1617 470 1669 τότε
482 1616 624 1683 μητιόωντο
639 1614 793 1668 Ποσειδάων
805 1614 846 1667 καὶ
860 1611 1000 1668 Ἀπόλλων

356 1715 447 1784 ἸἐῖχοιΙ
460 1708 603 1778 ἆμαλδύναι
613 1716 635 1763 ⁰.

199 1895 298 1946 nunc
314 1871 501 1944 affectibus
518 1871 692 1967 augendis
705 1892 767 1940 :-

256 2083 257 2086 ,
356 2042 390 2097 Al
402 2043 454 2114 γὰρ
467 2043 498 2111 δὴ
511 2039 593 2098 οὕτως
606 2039 644 2110 είη
657 2043 739 2112 φίλος
752 2041 773 2096 ὦ
788 2043 904 2096 Μενέλαε
915 2048 936 2096 ¹².

358 2167 432 2225 Ούτω
445 2171 476 2240 δη
490 2166 589 2226 οίκονδε
602 2172 685 2242 φίλην
698 2171 724 2227 c’s
737 2169 848 2241 πατρίδα
860 2173 946 2242 γαῖαν,

360 2261 475 2340 ’Apyrina
488 2266 629 2358 φεύξονται
638 2271 661 2322 a,

358 2392 433 2450 Ἀλλ’
448 2395 492 2450 ὅτε
506 2397 537 2466 δὴ
549 2397 644 2450 πολιόν
657 2417 685 2450 τε
699 2396 772 2467 κόρη,
787 2398 881 2451 πολιόν
893 2417 921 2450 τε
935 2379 1060 2467 γένειον,-

358 2491 426 2546 atta
440 2491 463 2546 r’
479 2489 627 2562 αἰσχύνωσι
640 2491 713 2548 κύνες
726 2493 860 2558 κταμένοιο
873 2491 1005 2566 γέροντος,

359 2587 441 2639 Τοῦτο
455 2585 486 2654 δε)
500 2583 633 2640 οἴκτιστον
646 2587 752 2641 πέλεται
767 2586 880 2642 δειλοῖσι
893 2591 1042 2660 βροτοῖσι’.

198 2741 269 2816 Vel
295 2749 340 2816 ut
364 2742 558 2841 aliquando
582 2747 628 2819 ad
645 2745 816 2841 Tragicos
842 2757 879 2819 et
905 2745 951 2818 ad
975 2746 1066 2818 illud
1083 2744 1252 2842 AEschyli

199 2859 352 2934 affectus
369 2863 621 2957 plenissimum
640 2887 878 2960 provocemus
892 2894 954 2934 :-—

351 3012 435 3083 ’λνοξ
449 3013 592 3082 Ἀπόλλω,
605 3013 660 3070 α’ίδε
673 3014 822 3086 πληθύουσι
836 3016 867 3084 δὴ
876 3021 894 3069 ⁸.

200 3197 301 3246 nunc
318 3173 523 3269 explicandi
540 3197 653 3248 sensu
667 3185 864 3270 usurpatur
876 3205 938 3246 :—

360 3323 406 3382 Ἐν
419 3326 523 3402 καθαρῷ
535 3326 577 3382 ὅθι
592 3327 623 3397 δι)
637 3325 732 3382 νεκύων
745 3329 893 3399 διεφαίνετο
906 3331 993 3399 χῶροι
1003 3326 1018 3382 ⁸.
1047 3345 1052 3352 ‘

200 3510 301 3560 nune
318 3489 363 3560 ab
381 3511 455 3559 una
480 3487 526 3559 ad
552 3489 702 3560 alteram
720 3489 779 3560 vel
805 3488 850 3560 ad
876 3495 1075 3562 extremam
1102 3490 1255 3587 denique

200 3604 471 3677 conclusionem
492 3604 749 3700 transit-quo
772 3628 882 3678 sensu
900 3603 1167 3679 Mathematicis
1193 3607 1254 3678 de-

200 3720 526 3794 monstrationibus
542 3719 702 3794 inservit.
739 3719 858 3794 Variis
876 3723 1000 3828 itaque
1017 3722 1134 3796 modis
1151 3747 1255 3795 usur-

200 3842 320 3932 patur,
351 3862 435 3910 eum
465 3844 590 3910 tamen
625 3861 768 3934 semper
796 3839 836 3911 in
868 3839 981 3911 finem
1014 3845 1058 3910 ut
1088 3837 1256 3911 Orationi

241 4043 264 4074 ²⁰
284 4034 408 4114 Legunt
440 4037 542 4096 tamen
576 4037 710 4116 plerique
789 4033 900 4096 pIbid.
916 4046 949 4093 Δ.
968 4039 1032 4112 189.

202 4121 289 4188 θυμὸς
314 4119 353 4186 δὲ,
382 4119 471 4182 κτλ,
492 4113 545 4174 ned
572 4115 710 4197 exempla
788 4113 902 4174 albia.
917 4128 946 4173 n.
967 4117 1030 4191 158.

201 4209 262 4254 non
278 4193 395 4253 desunt.
788 4201 799 4231 ³
820 4193 899 4253 Ibid.
914 4207 946 4254 x.
963 4211 1010 4271 74.

241 4283 256 4312 ¹³
276 4273 318 4332 Il.
336 4287 363 4333 B.
385 4275 448 4352 196.
787 4282 798 4311 ⁸
818 4273 952 4352 AErcltyl.
973 4272 1095 4349 ohoepl.
1113 4271 1160 4332 Sc.
1177 4273 1233 4333 ult.

240 4351 352 4412 ·1bid.
368 4367 406 4413 Μ.
426 4372 491 4433 17..
787 4352 862 4413 211.
877 4365 907 4414 Θ.
922 4371 991 4430 491.
