3094 4898
291 251 333 316 98
552 245 557 256 '
643 267 863 328 cunerono
879 268 1005 318 serre.

290 445 422 495 severae
439 415 633 514 disciplinae
651 413 802 502 indicie3
828 439 896 488 nec
913 437 1000 487 vero
1016 409 1292 508 agriculturam*
1304 417 1345 484 et

290 539 373 609 vitae
389 533 649 609 communioris
676 539 772 606 ortes
794 537 964 606 recusent
988 531 1165 604 nonnulli
1217 530 1344 626 Longe

291 667 413 727 tamen
430 675 556 725 omnes
573 673 596 722 e
613 649 750 722 Graecis
768 647 915 737 distent,
934 648 1002 720 hec
1019 671 1093 720 une
1109 672 1149 721 re
1166 646 1254 720 satis
1271 645 1343 718 dis·

286 769 417 868 juncti,
445 768 545 865 quod
570 766 608 840 in
633 767 758 841 hostili
785 766 882 840 caeds
908 775 946 840 et
973 764 1148 861 sanguine
1176 763 1345 838 ferociter

292 888 463 984 gestiunt.

342 1003 524 1099 Antiquos
543 998 696 1098 Scythas
713 1024 776 1074 eos
794 1000 857 1097 qui
882 999 986 1097 ponti
1001 998 1137 1074 Euxini
1161 1023 1263 1074 orem
1288 999 1345 1071 in-

292 1120 476 1206 sederunt,
498 1116 739 1191 Hernicorum
764 1111 974 1213 temporum
996 1115 1132 1190 Graecis
1157 1115 1345 1212 propiores

292 1237 403 1310 fuisse
419 1234 586 1308 arbitror.
617 1231 674 1304 Ex
686 1231 868 1327 religionis
882 1232 1010 1305 ritibus
1020 1246 1043 1319 ⁰,
1057 1257 1106 1305 ex
1118 1233 1199 1329 ipsa
1209 1231 1344 1326 lingue,

293 1377 338 1426 ex
355 1350 533 1424 mensuris
550 1359 588 1423 ct
604 1347 843 1447 ponderibus,
861 1371 907 1421 ex
929 1372 1123 1445 poenarum
1138 1347 1291 1434 ratione,
1308 1357 1346 1420 et

294 1469 420 1542 multis
438 1467 594 1564 denique
618 1465 702 1538 vitae
727 1463 907 1539 institutis
933 1475 1106 1561 cognatas
1123 1465 1235 1538 fnisse
1250 1463 1347 1536 inter

294 1609 333 1657 se
361 1581 509 1680 gentes‘
533 1592 571 1656 et
600 1583 776 1678 sanguine
801 1582 1022 1679 propinquas
1053 1583 1220 1678 colligere
1248 1579 1344 1654 lioet.

294 1699 365 1772 Sed
383 1700 535 1795 hujusce
552 1699 679 1796 populi
692 1699 794 1794 origo
811 1707 849 1771 et
866 1697 1028 1785 historia,
1041 1703 1231 1795 utcunque
1247 1695 1280 1770 ei
1297 1720 1347 1770 ex

294 1817 484 1891 Herodoto
497 1822 535 1889 et
552 1816 689 1890 caeteris
699 1816 917 1912 quibusdam
933 1817 1053 1890 lucem
1065 1817 1206 1903 efferas,
1216 1816 1348 1890 mutila

294 1944 350 2008 est
376 1940 415 2008 et
444 1933 663 2029 imperfecte.
715 1933 836 2029 Magis
865 1932 988 2030 itaque
1012 1957 1057 2007 ex
1081 1956 1121 2005 re
1147 1931 1215 2005 erit
1243 1931 1274 2004 si
1300 1932 1348 2005 ed

294 2075 421 2124 eorum
439 2055 616 2146 posteros,
636 2072 698 2138 eos
716 2047 797 2121 dico
813 2047 876 2145 qui
894 2048 1128 2122 Germaniam
1144 2055 1182 2122 et
1193 2047 1349 2146 Europae
1397 2127 1402 2136 ,

294 2173 415 2264 partes
440 2165 747 2263 Septentrionoles
771 2176 1050 2261 occupaverunt,
1069 2165 1262 2263 aliquando
1284 2165 1347 2239 de-

294 2283 493 2356 veniemus.
548 2281 631 2355 Scio
657 2305 715 2354 me
738 2281 783 2354 de
805 2281 975 2378 gentibus
997 2281 1093 2354 inter
1109 2307 1148 2356 se
1171 2289 1209 2356 et
1231 2282 1347 2380 regio·

296 2400 402 2473 nibus
432 2410 467 2472 et
494 2397 671 2472 institutis
697 2400 805 2492 longe
833 2397 1022 2495 disjunctis
1049 2398 1348 2496 disceptationem

294 2517 396 2603 inire,
416 2515 479 2588 sed
504 2539 548 2589 ea
564 2540 645 2612 quae
670 2515 715 2587 de
732 2513 923 2588 Germanis
949 2521 1115 2589 accurate
1141 2524 1178 2589 et
1194 2515 1349 2590 scienter

188 2717 192 2726 Ι
294 2632 460 2720 Tacitus,
478 2631 642 2707 omnium
667 2631 741 2705 fere
767 2631 965 2705 authorum
990 2655 1170 2705 consensu
1194 2631 1239 2705 ad
1265 2633 1348 2705 uni·

293 2775 419 2824 versos
437 2751 631 2847 pertinent.
667 2747 724 2820 Ex
741 2747 798 2822 his
814 2747 925 2844 igitur
936 2747 1121 2845 principiis
1138 2748 1349 2823 deducenda

296 2890 352 2938 res
370 2871 448 2953 est;
472 2891 518 2938 ex
535 2865 667 2961 quibus
685 2864 821 2937 scilieet
838 2870 897 2938 tot
913 2865 1036 2961 legum
1053 2865 1194 2939 codices
1211 2866 1275 2962 qui
1291 2891 1348 2940 re·

292 2981 512 3054 centioribus
529 2980 784 3054 adscribuntur
799 2980 960 3054 universi
977 2981 1239 3078 profluxerunt.

345 3095 427 3169 Nec
453 3119 539 3168 vero
570 3097 648 3191 jam
682 3096 836 3170 obscure
868 3097 1109 3172 Heroicorum
1141 3105 1350 3195 temporum

296 3209 515 3283 lineamenta
539 3235 720 3298 eruemus,
738 3220 816 3286 tam
840 3212 879 3286 in
903 3212 947 3286 iis
964 3237 1045 3309 quae
1069 3215 1223 3310 publice
1239 3239 1352 3311 quem

297 3349 378 3420 quae
411 3325 561 3422 privntae
601 3335 688 3400 sunt
723 3329 1010 3417 consuetudinis,
1048 3330 1214 3427 “Regno
1252 3333 1352 3406 enim

298 3443 553 3517 Arsacidarum
585 3444 701 3518 acrior
734 3455 789 3520 est
825 3446 1093 3520 Germanorum
1126 3449 1295 3524 libertus⁸
1309 3455 1350 3540 ;‘'

298 3583 415 3657 neque
440 3566 562 3634 tamen
587 3561 658 3634 illis
683 3561 830 3636 libertas
855 3574 932 3636 eret
956 3561 1097 3660 imperii
1122 3588 1262 3662 expers,
1287 3569 1353 3641 sed

297 3679 441 3775 regibus
459 3703 550 3778 quos
573 3703 640 3752 sua
662 3678 844 3769 nobilitas
863 3679 1016 3755 ducibus
1034 3707 1126 3779 quos
1152 3708 1219 3758 sue
1234 3685 1352 3761 virtus

339 3859 457 3920 ‘Abu’t
474 3857 579 3930 Ghdaei,
592 3879 623 3940 p.
638 3881 696 3935 ³¹⁷·
741 3861 807 3920 Mu·
886 3857 998 3920 'Hunc
1035 3879 1099 3921 rem
1134 3863 1239 3943 attigit
1279 3865 1354 3929 Gul.

295 3935 396 4014 jorum
423 3937 514 3998 stium
548 3959 670 4000 suorum
697 3959 806 4000 memo·
848 3936 954 3998 curre
977 3939 1010 3999 in
1033 3940 1125 4002 Libro
1146 3944 1195 4004 cui
1218 3944 1267 4004 tit.
1291 3947 1357 4008 The

299 4014 374 4074 riom
394 4022 541 4077 ettotam
561 4020 679 4096 generis
699 4018 806 4080 seriem
848 4019 1014 4078 Quem
1040 4021 1079 4098 of
1098 4023 1221 4093 Rumon
1244 4026 1356 4104 Suros,

300 4093 402 4153 eedem
423 4115 482 4175 que
500 4097 595 4158 Greci
614 4119 686 4160 cure
705 4097 805 4161 udser·
845 4099 905 4159 ond
917 4099 1042 4178 Enplied
1059 4101 1154 4168 Οοίηε.
1169 4123 1194 4163 c.
1211 4129 1234 4164 ι.

300 4171 420 4233 vehunt.
883 4179 1032 4240 ednotus
1055 4180 1091 4239 do
1116 4183 1254 4246 Mm't'du
1280 4185 1357 4246 Ger·

341 4259 351 4283 ·
367 4253 489 4327 Herod,
503 4253 523 4314 l.
538 4253 575 4314 ir.
591 4277 615 4320 o.
634 4275 675 4331 32,
691 4258 743 4318 de.
844 4278 1041 4341 manorum„c.
1059 4285 1100 4338 ³7·
