3058 4902
427 330 643 380 amaccura
662 331 962 382 auclara-ocum.
1158 322 1221 385 305

165 477 342 564 rdvruv².
395 491 440 563 In
469 491 710 565 describendis
738 493 860 589 itaque
890 491 1002 568 animi
1032 493 1222 568 affectibus

165 617 201 680 et
219 608 383 683 moribus
400 614 565 682 versatur
581 632 690 683 verus
707 609 864 682 Poeseos
881 633 979 683 usus.

217 723 358 798 Rursus
392 724 491 820 prior
519 729 576 798 est
604 725 743 799 Fabula
776 749 860 800 cum
893 725 1008 799 totius
1043 725 1221 800 rationem

165 839 308 929 habeat,
328 847 366 914 et
383 865 501 914 mores
526 841 789 938 complectatur
811 850 983 937 tauquam
1005 851 1125 938 partes
1151 839 1220 914 sibi

166 956 358 1051 subjectas,
378 955 510 1053 quippe
528 980 602 1029 non
619 957 808 1030 hominum
832 979 1004 1053 personas
1021 957 1082 1029 sed
1102 957 1219 1030 homi-

165 1095 230 1144 nes
259 1072 299 1146 in
325 1074 409 1146 vitae
438 1072 590 1169 negotiis
617 1079 655 1146 et
677 1073 803 1146 officiis
834 1083 1031 1169 occupatos
1057 1073 1221 1148 imitatur

166 1187 355 1262 sublimior
382 1188 519 1262 Possis.
581 1190 635 1261 At
661 1214 748 1262 vero
782 1188 838 1262 hae
868 1196 989 1285 partes
1017 1195 1055 1262 et
1082 1214 1147 1286 per
1180 1214 1219 1263 se

165 1305 362 1399 splendidae
389 1315 474 1377 suut
505 1316 541 1378 et
572 1305 685 1378 totius
720 1305 839 1401 operis
874 1306 1101 1402 splendorem
1130 1330 1218 1379 con·

166 1419 304 1504 ficiunt.
367 1420 423 1494 Ex
462 1420 518 1494 his
557 1420 672 1494 unicis
708 1420 820 1495 totius
858 1420 1016 1518 pretium
1050 1420 1219 1494 aestimari

165 1545 299 1632 potest,
329 1560 446 1634 neque
476 1537 572 1612 enim
603 1538 687 1612 vitae
720 1561 825 1612 casus
859 1539 1053 1634 quicquam
1081 1539 1218 1612 habent

165 1653 446 1748 pulchritudiuis
476 1654 544 1726 uisi
575 1679 619 1727 ex
648 1679 692 1728 eo
721 1655 820 1751 quod
847 1653 1000 1751 ingeniis
1027 1655 1218 1728 hominnm

166 1770 352 1844 materiam
371 1781 407 1845 et
424 1771 542 1843 laudis
560 1770 703 1867 copiam
720 1775 906 1867 praestant.

216 1885 356 1959 Caetera
373 1892 585 1982 argumenta
602 1887 742 1960 minora
758 1893 855 1960 sunt.
901 1886 940 1960 Si
957 1888 1036 1960 sine
1052 1887 1217 1984 personis

165 2009 204 2076 et
228 2004 387 2076 moribus
406 2003 602 2099 Tragoedia
627 2009 693 2077 aut
714 2003 870 2100 Epicum
894 2025 1023 2099 poema
1051 2014 1218 2078 constare

165 2119 293 2214 possit,
312 2121 343 2193 si
363 2143 484 2192 rerum
504 2117 666 2194 Historia
686 2145 806 2217 perse
828 2120 986 2194 animum
1004 2127 1158 2209 teneret,
1178 2126 1217 2193 at

166 2235 237 2308 tale
257 2260 350 2332 opus
377 2234 630 2332 imperfectum
654 2235 700 2309 sit
717 2242 755 2310 et
781 2260 951 2310 mancum
971 2260 1116 2309 necesse
1137 2246 1214 2310 est:

165 2352 315 2427 sortasse
333 2353 478 2451 quidem
502 2356 585 2450 plus
601 2355 737 2429 valeret
754 2379 862 2451 quam
880 2354 978 2426 nuda
999 2375 1141 2425 morum
1158 2377 1215 2426 re-

165 2470 297 2543 censio.
353 2469 391 2542 Si
421 2470 567 2544 Fabulae
596 2480 716 2568 partes
750 2472 789 2543 in
818 2471 939 2543 animo
968 2471 1215 2566 permovendo

165 2584 301 2682 aliquid
326 2586 477 2682 possint,
495 2597 533 2660 at
558 2586 645 2682 ipsae
672 2587 727 2659 hae
752 2595 873 2685 partes
897 2591 942 2658 ut
957 2583 1113 2656 vidimus
1139 2583 1216 2659 sine

165 2703 329 2797 personis
347 2703 422 2778 suis
443 2705 587 2800 justum
606 2703 763 2800 pretium
781 2728 856 2777 non
874 2703 1007 2776 lerunt.
1060 2703 1112 2775 At
1130 2725 1214 2776 con-

166 2827 224 2890 tra
249 2842 368 2892 moras
394 2819 582 2892 hominum
608 2819 736 2893 leviter
758 2829 903 2893 tantum
925 2841 948 2890 a
971 2818 1078 2891 rebus
1101 2818 1216 2914 adjuti

165 2944 202 3008 et
218 2934 303 3008 vitae
321 2935 462 3010 casibus
485 2934 648 3032 permisti
664 2938 772 3033 louge
794 2943 1014 3033 exsuperant
1031 2932 1215 3008 exactissi-

166 3073 262 3124 mam
280 3051 424 3125 Fabulae
440 3075 603 3125 normam
622 3052 699 3126 sine
716 3054 792 3126 ulla
816 3075 1050 3150 personarum
1068 3051 1214 3126 distinc-

163 3169 272 3243 tione.
324 3170 509 3268 Exemplis
528 3171 596 3244 hoc
619 3173 854 3268 comprobare
871 3169 984 3244 velim.
1038 3169 1215 3245 Quaenam

166 3299 301 3372 fuerim
328 3299 533 3374 Aristotelis
564 3288 688 3390 ἀήθεις
716 3292 914 3398 τραγῳδίαι
945 3323 1020 3372 non
1049 3304 1212 3373 constat:

166 3415 312 3512 periisse
354 3424 474 3490 autem
509 3417 605 3488 inter
644 3424 772 3489 caetera
805 3413 1046 3512 Antiquitatis
1084 3439 1213 3488 monu-

166 3539 289 3607 menta
314 3539 452 3608 certum
477 3539 545 3622 est,
567 3533 773 3631 etquidem
797 3532 926 3606 talium
955 3556 1077 3605 rerum
1102 3530 1215 3604 facilis

167 3656 223 3721 est
246 3649 397 3744 jactura.
452 3643 674 3722 Crediderim
698 3654 784 3746 post
807 3647 1026 3746 Sophoclem
1053 3657 1090 3720 et
1109 3645 1213 3720 Euri-

166 3767 285 3863 pidem
303 3765 403 3838 nimii
420 3768 540 3840 cultus
558 3772 596 3839 et
612 3765 740 3839 effoetae
757 3765 845 3838 artis
865 3765 1074 3861 progeniem
1091 3763 1213 3853 fuisse,

167 3882 231 3955 nbi
248 3882 382 3978 ingenii
404 3881 506 3979 vigor
528 3892 565 3955 et
581 3903 674 3955 ¹acer
694 3881 755 3954 ille
783 3880 948 3977 poeticus
974 3878 1132 3977 Spiritus
1155 3879 1214 3953 de-

164 4005 337 4080 floruerit.
390 4005 493 4081 Inter
508 4007 721 4080 Neotericos
743 4003 895 4079 tortasse
913 4011 950 4078 et
971 4005 1066 4078 inter
1084 4003 1215 4077 Gallici

169 4121 321 4198 Theatri
346 4123 539 4222 scriptores
556 4123 718 4219 ejusdem
734 4122 798 4210 rei,
824 4111 942 4218 siquis
961 4145 1004 4196 ea
1028 4120 1215 4218 exquirere

516 4337 530 4364 ⁸
549 4328 675 4390 Aristar.
690 4330 784 4402 Pons,
797 4346 822 4388 c.
837 4327 865 4384 6.

675 4450 701 4498 X
