3094 4898
401 864 832 1016 Pamnnorro
883 921 1089 1015 Noun.

600 1164 896 1178 ——u———h

270 1333 359 1407 ARI
386 1333 534 1432 quidem
560 1332 666 1406 laude
683 1340 721 1406 et
745 1333 874 1406 iisdem
893 1335 966 1408 fere
992 1333 1217 1431 temporibus
1237 1333 1276 1406 in

296 1451 428 1548 quibus
462 1446 665 1547 praecipuus
696 1452 830 1524 artium
865 1456 921 1524 est
955 1452 1073 1525 honos
1109 1449 1276 1525 Scientiae

221 1593 299 1643 sese
331 1569 496 1642 efferunt.
550 1567 627 1641 Nec
656 1593 742 1642 vero
773 1593 897 1642 earum
928 1565 1051 1642 eadem
1082 1557 1139 1642 est
1169 1569 1275 1657 ratio,

222 1711 339 1783 neque
366 1683 480 1759 initiis
508 1683 583 1758 suis
609 1686 761 1758 eandem
792 1686 1046 1783 antiquitatem
1077 1673 1275 1782 attingunt.

222 1801 334 1876 Facili
356 1802 453 1874 euim
477 1810 514 1874 et
540 1800 690 1897 proclivi
714 1802 834 1876 studio
858 1802 903 1876 ad
929 1803 1095 1876 imitandi
1118 1827 1277 1876 amorem

222 1919 471 2017 proripiuntur
500 1916 679 2007 homines,
706 1941 824 2016 neque
854 1919 1006 1993 difficilis
1032 1926 1088 1993 est
1119 1920 1276 2016 quadan·

221 2043 330 2109 tenus
356 2034 462 2110 istius
489 2032 673 2109 facultatis
698 2059 799 2122 usus,
821 2039 899 2132 'qua
923 2036 1056 2109 imbuti
1084 2041 1171 2108 sunt
1196 2042 1277 2108 tan-

223 2177 334 2249 quam
360 2150 478 2249 primo
504 2163 642 2226 uaturae
667 2152 774 2226 dono,
827 2152 912 2225 Jam
940 2154 985 2226 ab
1012 2153 1101 2250 ipsis
1127 2154 1277 2226 incuna-

222 2269 317 2344 bulis
345 2269 478 2343 imitari
504 2277 639 2343 norunt
665 2271 779 2367 pueri,
798 2295 865 2343 neo
890 2269 1017 2343 inscite
1035 2269 1181 2368 quidem
1211 2295 1278 2368 pro

192 2491 196 2498 Ι
223 2384 296 2457 isla
326 2389 443 2457 aelflle·
498 2381 692 2489 Φρόνησιν
722 2383 761 2466 δὲ
791 2389 851 2466 καὶ
884 2382 998 2491 δόξας
1027 2389 1178 2487 ἀληθεῖς
1213 2394 1278 2482 βε·

224 2520 368 2610 dcccciv,
408 2509 558 2616 εὐτυχὲς
596 2510 669 2618 ’ὅτῳ
705 2513 765 2590 καὶ
799 2508 894 2614 πρὸς
929 2509 972 2590 rb
1011 2515 1130 2614 γῆρας
1163 2546 1277 2615 παρε-

224 2641 352 2744 γένετο
363 2651 387 2720 ⁸.
442 2649 544 2723 Siout
561 2649 672 2745 igitur
687 2649 782 2722 hanc
808 2647 1018 2722 facultatem
1045 2649 1137 2721 ratio
1155 2648 1279 2722 subse-

225 2767 361 2863 quitur,
388 2775 424 2839 et
450 2765 527 2862 ejus
546 2788 615 2861 ope
640 2765 773 2837 sensim
791 2763 974 2851 accrescit,
993 2763 1045 2836 ita
1064 2763 1279 2860 artes'ipsas

225 2882 459 2981 subsequitur
485 2881 724 2955 Scicntiarum
748 2880 848 2976 origo
879 2891 916 2954 et
939 2903 1171 2977 progressus;
1199 2904 1297 2955 serot

225 3002 324 3076 enim
341 3006 586 3099 assequuntur
609 2999 775 3073 homines
802 3005 1014 3097 perpetuam
1041 2997 1142 3070 illam
1159 3005 1197 3073 et
1222 3023 1279 3074 as-

227 3119 367 3192 siduam
396 3115 637 3192 intentionem
672 3115 794 3203 animi,
824 3142 904 3212 quae
932 3115 1140 3204 Scientiam,
1171 3139 1281 3213 quam

225 3259 410 3323 vocamus,
434 3235 568 3331 fingere
593 3241 631 3307 et
656 3233 847 3330 complecti
873 3239 1005 3331 potest.
1058 3232 1185 3329 Longo
1210 3257 1281 3318 usu
1409 3217 1417 3230 ⁸
1515 3315 1523 3330 .

226 3353 356 3440 edocti,
386 3353 496 3449 longa
523 3349 756 3424 meditatione
791 3361 828 3424 et
862 3349 1117 3425 exercitatione
1148 3374 1191 3423 eo
1222 3351 1283 3423 de-

226 3493 329 3542 mum
358 3468 584 3565 perveniunt.
640 3466 734 3551 Quae
763 3467 793 3541 si
824 3491 909 3540 vera
940 3468 1025 3555 siut,
1055 3466 1179 3540 statim
1204 3467 1282 3562 jam

226 3585 430 3659 Homericae
462 3585 581 3659 aetatis
613 3583 762 3657 Graecos
793 3608 920 3681 parum
950 3584 989 3655 in
1023 3584 1092 3656 hac
1126 3607 1164 3655 re
1198 3606 1282 3678 pro·

226 3703 351 3776 fecisse
385 3701 555 3776 credibile
588 3708 781 3774 est—nec
815 3708 936 3773 tamen
971 3723 1119 3796 prorsus
1150 3698 1282 3771 desunt

226 3826 335 3901 etiam
378 3827 417 3900 in
464 3824 725 3922 antiquissimis
763 3823 990 3919 temporibus
1042 3821 1281 3895 Scientiarum

227 3942 389 4041 vestigia.
1170 3929 1171 3938 ἵ

280 4061 336 4133 Ex
363 4059 529 4158 AEgypto
557 4083 617 4132 eas
647 4059 685 4130 in
716 4056 894 4130 Graeciam
922 4065 1142 4130 transvectas
1171 4055 1283 4129 fuisse

227 4187 396 4252 constans
422 4187 477 4250 est
499 4175 712 4248 sama—nec
730 4174 875 4270 quidem
901 4172 1106 4270 negaverim
1123 4172 1281 4247 colonias

579 4348 589 4372 ¹
609 4339 693 4400 Ptat.
709 4338 745 4398 dc
760 4338 855 4417 [ψη
871 4336 891 4397 l.
908 4356 934 4394 2.
1030 4314 1036 4322 ἱ
