3058 4902
509 277 721 326 eamracrro
753 277 930 326 vronsrrra.
1180 266 1245 331 347

191 427 390 523 complent.
442 423 527 499 Hoc
551 434 692 499 tantum
720 426 869 500 interest
896 428 994 524 quod
1022 429 1174 503 affectus
1201 454 1246 502 ex

189 544 316 641 paucis
334 543 507 640 symbolis
532 567 596 615 seu
622 544 735 639 signis
758 544 919 640 dignosci
942 553 1108 643 possunt,
1127 571 1247 619 mores

189 686 234 734 ex
253 661 380 734 multis
399 661 523 733 crebro
542 684 614 733 usu
632 662 880 757 frequentatis.

239 778 333 851 Haec
357 777 469 874 igitur
494 777 566 850 lere
593 785 680 850 sunt
704 780 850 852 vincula
875 803 1031 875 quorum
1058 805 1126 876 ope
1151 781 1247 854 inter

189 920 227 968 se
253 902 387 970 coeunt
412 902 450 968 et
475 894 675 969 arctissime
705 895 920 990 colligantur
945 897 1025 970 duae
1055 897 1245 993 praecipuae

189 1011 344 1085 Poeseos
372 1021 505 1110 partes,
525 1011 660 1083 Fabula
683 1021 720 1084 et
737 1011 862 1085 Mores
875 1043 884 1100 ;
917 1038 997 1110 quae
1023 1016 1247 1088 consociatio

191 1133 248 1216 (ut
274 1129 446 1217 diximus)
475 1128 622 1201 conficit
649 1129 831 1201 valentem
861 1127 962 1202 illam
988 1141 1024 1202 et
1050 1131 1244 1203 sublimem

189 1243 320 1317 Poesin
339 1271 419 1342 quae
442 1244 604 1317 animum
627 1269 694 1341 pro
719 1244 827 1317 libitu
845 1245 1007 1317 defixum
1026 1257 1062 1318 et
1084 1271 1244 1320 commo·

187 1369 268 1434 tum
296 1361 468 1435 habetet
496 1363 534 1434 in
561 1363 646 1433 vitae
676 1362 844 1434 humanae
868 1361 1028 1436 intimam
1056 1363 1244 1437 scientiam

189 1479 292 1575 quasi
317 1479 556 1552 manuducit.
610 1478 702 1552 Haec
728 1491 785 1550 est
810 1503 852 1551 ea
875 1479 997 1552 Possis
1024 1504 1104 1574 quae
1122 1480 1244 1554 Philo·

189 1596 326 1691 sophiae
344 1597 511 1668 aemulam
530 1620 568 1667 se
588 1595 716 1692 jactat,
734 1596 809 1668 imo
826 1620 906 1668 eam
924 1595 1013 1668 vict
1031 1598 1163 1692 spiritu
1182 1623 1243 1671 ex-

189 1724 348 1809 superat.
402 1711 481 1785 Nec
507 1737 593 1786 vero
613 1712 690 1808 jam
716 1736 809 1808 opus
835 1725 889 1785 est
915 1715 990 1786 ulla
1018 1738 1161 1787 morum
1189 1740 1244 1788 re-

189 1823 356 1903 censione
375 1853 456 1927 quoe
473 1835 569 1902 certe
586 1829 750 1923 frigidior
763 1836 818 1902 est
835 1835 872 1902 el
889 1830 1071 1904 crassioris
1089 1831 1243 1905 artificii.

191 1946 379 2020 Habemus
398 1971 460 2019 eos
478 1946 585 2018 rebus
611 1944 698 2041 ipsis
725 1946 884 2020 intextos
911 1954 948 2018 et
966 1948 1069 2042 quasi
1086 1949 1161 2020 vita
1177 1950 1244 2022 im-

188 2064 309 2136 butos.
364 2063 552 2136 Habemus
586 2087 646 2134 eos
682 2087 756 2136 non
791 2087 839 2136 ex
872 2065 1093 2138 authoritate
1127 2076 1244 2162 poetae

189 2179 443 2276 perdiscendos
462 2180 525 2252 sed
544 2179 751 2266 dramatice,
766 2187 809 2252 ut
826 2179 878 2253 ita
895 2180 1024 2266 dicam,
1043 2180 1081 2253 in
1099 2205 1243 2255 scenam

189 2298 362 2393 prolatos.
418 2297 503 2370 Huc
516 2321 560 2369 ex
575 2302 678 2394 parte
691 2297 906 2392 confugiunt
916 2299 1190 2393 Theophrastus
1208 2310 1243 2371 ct

188 2416 261 2501 alii,
281 2413 377 2487 inter
403 2439 495 2509 quos
520 2424 636 2510 poetae
664 2413 840 2502 nonnulli,
864 2415 926 2509 qui
953 2413 990 2484 in
1017 2415 1244 2487 recensendis

188 2555 329 2603 morum
344 2530 593 2627 discrepantiis
610 2554 756 2627 operam
771 2531 815 2602 de
829 2529 1004 2601 industria
1022 2543 1243 2624 posuerunt:

188 2649 385 2720 desumunt
411 2647 477 2720 sibi
503 2648 717 2743 plerumque
733 2649 790 2719 vel
809 2647 954 2742 fingunt
978 2647 1136 2719 historiae
1162 2673 1243 2743 par-

188 2766 318 2838 ticulas
344 2765 518 2860 quasdam
536 2787 615 2861 quae
644 2764 803 2836 moribus
829 2763 1052 2859 explicandis
1078 2772 1115 2836 et
1139 2764 1242 2837 illus-

188 2883 326 2955 trandis
355 2881 576 2969 inserviant;
608 2888 646 2953 et
672 2881 724 2953 illi
749 2881 896 2978 quidem
922 2891 1045 2966 recte;
1073 2880 1136 2953 sed
1161 2906 1244 2976 pro-

188 2998 282 3072 lecto
310 3023 483 3094 magnum
511 2999 581 3072 luit
606 2997 769 3071 Homero
799 2999 838 3070 in
863 2997 936 3070 isto
962 2996 1118 3070 Poeseos
1145 3009 1244 3070 statu

187 3127 417 3211 perspectum
436 3115 604 3190 habuisse
622 3139 767 3187 morum
786 3115 1030 3187 humanorum
1053 3116 1243 3188 scientiam

188 3234 266 3306 sine
289 3234 365 3306 ulla
389 3233 595 3306 recensione
622 3231 744 3327 peragi
770 3255 889 3326 posse,
909 3255 993 3303 cum
1020 3233 1142 3304 caeteri
1168 3256 1242 3303 non

188 3350 293 3446 pauci
310 3351 420 3423 etiam
438 3351 532 3423 inter
548 3349 629 3422 illos
648 3349 710 3445 qui
728 3372 813 3421 eum
830 3347 945 3420 secuti
963 3354 1050 3420 sunt
1068 3359 1242 3442 tanquam

188 3467 256 3538 arti
291 3489 366 3540 suae
400 3467 603 3539 diffidentes
637 3465 758 3537 minus
793 3464 861 3536 hoc
894 3462 1067 3559 ceperint,
1101 3473 1139 3535 et
1168 3465 1273 3540 suis.

188 3583 307 3656 verbis
333 3585 377 3656 de
405 3583 556 3678 singulis
587 3583 751 3678 personis
776 3581 949 3653 lectorem
976 3580 1166 3653 certiorem
1193 3583 1243 3652 se-

188 3701 313 3773 ceriut.
366 3702 418 3772 At
447 3701 620 3785 Homero,
649 3699 760 3770 etiam
789 3695 819 3770 si
848 3696 1004 3768 breviter
1033 3696 1244 3792 designandi

188 3818 262 3890 sint
293 3815 502 3890 Graecorum
537 3839 715 3912 proceres,
743 3825 877 3910 praesto
908 3820 964 3885 est
995 3811 1137 3885 Helena
1166 3839 1245 3910 per·

188 3957 315 4006 sonam
334 3941 371 4006 et
394 3932 474 4031 ipsa
496 3932 747 4006 suavissimam
772 3953 900 4026 gerens
918 3953 998 4025 quae
1019 3928 1107 4002 istas
1125 3935 1245 4025 partes

188 4053 356 4150 excipiat.
410 4053 520 4126 Latet
541 4052 662 4148 itaque
687 4075 752 4147 per
768 4058 890 4123 totum
912 4047 1029 4144 operis
1053 4047 1245 4120 decursum

189 4172 302 4245 Poeta
335 4171 424 4268 ipse,
455 4196 572 4267 neque
599 4171 753 4243 virtutes
788 4191 905 4264 neque
934 4165 1023 4258 sitia
1056 4165 1246 4261 cujusdam
