3058 4908
518 339 735 390 rfflnnurro
752 341 974 393 nuonuerru.
1211 327 1278 394 217

221 489 309 563 Erat
325 513 470 586 quoque
486 489 526 563 in
542 515 613 564 usu
630 491 838 588 eloquentia
861 492 924 565 sed
950 515 1080 588 parum
1098 492 1145 564 ad
1161 497 1277 566 artem

221 608 459 706 composita&
513 607 677 696 Musicae,
697 605 903 705 Sculpturae
921 617 957 682 et
975 609 1063 682 artis
1082 607 1277 706 Graphicae

222 726 376 798 obseura
404 724 571 821 quaedam
600 730 637 798 et
665 722 877 822 imperfecta
906 726 1104 824 primordia
1129 750 1167 799 se
1194 751 1277 822 pro·
1316 819 1324 834 ι

223 842 326 914 dunt.
379 840 536 914 Picturae
569 865 616 914 ne
645 841 844 939 primordia
878 843 1037 939 quidem.
1088 841 1170 915 Pari
1194 843 1278 939 jure

223 956 463 1032 Scientiarum
484 957 689 1031 rudimenta
706 959 873 1054 quaedam
899 961 968 1034 sibi
986 959 1171 1048 vindicant
1188 969 1276 1033 tem-

220 1098 310 1171 pora
328 1073 496 1162 Heroiea,
515 1075 578 1147 sed
604 1098 647 1147 ea
672 1055 843 1172 pleiaque
868 1101 913 1150 ex
933 1101 1005 1150 usu
1030 1083 1068 1149 et
1092 1078 1276 1172 experien-

221 1191 276 1263 tia
293 1190 458 1277 deducta,
479 1213 595 1286 neque
612 1189 731 1264 adhue
748 1190 786 1263 in
803 1191 966 1266 ordinem
983 1193 1129 1266 redacta
1139 1199 1164 1266 ⁰.
1206 1194 1276 1266 At.

222 1332 294 1405 que
311 1305 389 1380 heee
407 1305 551 1404 quidem
568 1308 692 1381 omnia
708 1309 766 1381 vel
786 1309 864 1404 jam
882 1308 1064 1384 nascentia
1080 1311 1138 1383 vel
1158 1309 1277 1384 medio

221 1425 260 1497 in
290 1449 399 1499 eursu
427 1423 570 1522 excepit
597 1423 721 1498 Poeta.
775 1423 926 1522 Linguae
956 1427 1092 1500 Graecae
1121 1423 1277 1500 aliaest

221 1542 314 1614 ratio
323 1549 350 1630 Ρ,
370 1565 451 1639 quae
467 1551 564 1615 certe
579 1542 639 1614 vel
665 1566 708 1615 ea
732 1547 838 1615 aetate
863 1542 962 1614 illam
988 1543 1130 1638 copiam
1147 1540 1222 1614 vim
1240 1550 1278 1617 et

222 1659 438 1753 elegantiam
468 1657 607 1747 habuit,
637 1664 680 1732 ut
706 1658 745 1731 in
773 1656 919 1755 quosvis
947 1681 1037 1731 usus
1066 1656 1208 1732 facilem
1238 1683 1277 1732 se

221 1776 410 1872 preberet,
440 1799 558 1872 neque
588 1800 675 1849 vero
703 1775 822 1849 adhue
849 1800 871 1849 a
900 1775 1094 1848 severitate
1123 1781 1161 1848 et
1191 1773 1276 1848 sim-

222 1895 384 1991 plicitate
414 1916 482 1966 sna
504 1893 698 1966 deflexerat
710 1926 719 1982 ;
749 1902 797 1980 et,
819 1904 863 1966 ut
889 1894 934 1966 ad
962 1877 1179 1991 prasentem
1203 1892 1276 1967 dis-

220 2010 449 2108 putationem
479 2010 723 2096 deveniamus,
755 2018 831 2083 erat
859 2009 1063 2083 fabularum
1097 2011 1211 2083 moles'
1241 2019 1278 2083 et

220 2129 375 2202 varietas
402 2151 484 2223 quae
511 2127 550 2200 in
567 2127 715 2223 quosvis
731 2150 821 2199 usus
838 2127 927 2221 fingi
949 2128 1067 2224 possit
1079 2158 1089 2215 ;
1118 2151 1159 2200 ea
1177 2127 1276 2201 deni·

221 2269 293 2343 que
317 2244 501 2340 religionis
528 2243 667 2316 indoles
693 2248 803 2339 utque
827 2234 859 2316 is
885 2243 1043 2316 historiae
1071 2250 1188 2317 status
1215 2244 1277 2340 qui

220 2361 373 2458 poeticis
389 2361 497 2433 rebus
515 2357 651 2455 optime
669 2358 868 2432 inserviret.

272 2475 363 2550 Haec
388 2487 473 2550 sunt
503 2476 615 2572 igitur
640 2500 722 2574 quae
747 2501 840 2550 voco
871 2475 1041 2549 Subsidia
1066 2474 1274 2565 Homerica,

221 2619 302 2692 quse
319 2603 416 2666 oerte
442 2594 552 2666 simul
578 2599 726 2690 sumpts
750 2593 858 2688 longe
883 2592 1021 2686 majora
1046 2598 1145 2676 sunt,
1165 2617 1276 2688 quarn

221 2729 303 2805 quae
325 2730 370 2778 ex
390 2707 465 2778 ulla
488 2707 557 2778 alia
579 2713 686 2779 aetate
712 2705 864 2778 derivari
888 2714 1050 2800 possent.
1104 2702 1202 2778 Quid
1226 2705 1275 2778 ef·

219 2821 344 2897 feeerit
363 2820 477 2894 Poeta
501 2821 558 2894 his
585 2819 754 2894 subsidiis
782 2820 982 2894 instructus
1009 2827 1123 2892 restat
1151 2820 1275 2919 explo-

220 2940 389 3016 randum.

260 3103 426 3166 -Ρωιωι,
443 3106 492 3164 au.
613 3113 626 3144 ο
647 3102 725 3164 nu.
741 3115 799 3182 9³.
905 3113 918 3148 ν
939 3102 1017 3165 nn.
1036 3111 1102 3164 ιον·
1115 3111 1145 3165 ιι
1161 3113 1234 3164 nm.
