3058 4908
455 324 671 376 PRAEnncrro
689 323 988 374 onoma-rnarrn.
1187 315 1253 377 219

193 476 402 550 absolutum
433 476 543 566 dedit,
574 481 685 550 utet
715 500 790 550 suae
823 476 922 549 aetati
956 481 1112 548 etseras
1142 475 1251 549 etiam

194 592 398 691 posteritati
427 594 596 690 prodesse
619 600 746 691 posset
758 625 768 682 ;
800 594 885 668 binc
918 593 1057 690 patebit
1085 617 1252 688 quaenam

195 735 245 784 ex
268 711 365 784 illius
390 709 609 785 carminibus
635 722 673 785 et
698 712 743 785 ab
769 711 857 808 ipsis
877 709 1013 785 Gracia
1039 719 1076 784 et
1100 734 1124 782 a
1148 711 1252 785 nobis

196 827 307 901 etiam
334 827 386 918 (in
413 849 570 925 quorum
595 851 683 902 usus
708 829 785 924 jam
812 821 911 901 nunc
935 827 1058 924 vigent
1085 837 1122 900 et
1147 829 1252 902 uber·

197 943 308 1020 rimos
341 945 482 1020 fructus
516 945 716 1042 proferunt)
750 944 948 1018 haurienda
982 951 1038 1018 est
1072 943 1247 1018 doctrina.

197 1060 351 1136 Poeseos
377 1061 514 1136 scilicet
537 1062 741 1135 Homericae
765 1067 804 1135 et
830 1084 977 1134 sensum
1004 1060 1189 1149 certiorem
1216 1071 1254 1135 et

197 1202 307 1252 usum
323 1176 516 1253 feliciorem
534 1178 740 1276 quaerimus.

249 1293 467 1369 Methodum
491 1295 698 1369 universam
718 1302 756 1369 et
779 1295 983 1393 argumenti
1004 1295 1131 1368 seriem
1153 1295 1253 1368 Aris-

196 1413 319 1486 totelis
345 1411 589 1486 distributioni
618 1412 781 1509 subjicio,
807 1413 858 1486 ita
885 1422 927 1486 ut
952 1418 1146 1509 quaternas
1172 1413 1253 1486 illas

199 1541 305 1639 Epici
330 1539 506 1616 Carminis
531 1552 663 1639 partes,
684 1541 859 1616 Fabulam
885 1542 977 1629 dico,
1004 1539 1141 1628 Mores,
1161 1529 1254 1612 Διά-

201 1696 314 1758 νοιαν,
327 1681 363 1745 et
380 1671 598 1758 Dictionem‚
614 1670 822 1766 singulatim
838 1694 1058 1769 percurram,
1075 1694 1154 1766 quae
1174 1672 1254 1766 qui·

200 1787 283 1859 dem
299 1798 419 1885 partes
436 1789 474 1860 in
487 1787 574 1862 alias
593 1787 877 1884 quamplurimas
894 1787 998 1860 facile
1015 1810 1054 1860 se
1071 1786 1251 1860 scindunt.

199 1901 257 1976 Ex
272 1903 412 1978 Fabula
427 1905 549 2002 itaque
566 1904 712 1978 initium
730 1902 874 1978 dicendi
891 1903 1080 1978 sumimus.

250 2020 336 2094 Jam
361 2046 446 2094 vero
470 2046 513 2095 ex
540 2021 608 2095 hac
635 2027 739 2118 parte
765 2021 967 2095 Homerum
994 2022 1152 2117 primum
1178 2044 1254 2093 om·

200 2135 302 2210 nium
329 2138 463 2212 vidisse
491 2139 645 2212 arbitror
670 2138 918 2212 sublimiorem
945 2137 1071 2235 podsin
1099 2139 1176 2211 sine
1203 2137 1253 2210 fa·

200 2253 286 2328 bula
306 2279 456 2351 prorsus
481 2257 619 2329 nullam
636 2279 725 2330 esse.
780 2255 875 2340 Quae
900 2255 1004 2328 illum
1024 2264 1254 2351 praecesserat

202 2369 322 2444 Podsis
339 2371 379 2444 in
389 2371 508 2445 medio
525 2397 634 2446 cursu
644 2373 852 2461 laborabat,
872 2379 1116 2470 superaverat,
1133 2371 1252 2459 credo,

201 2488 317 2588 prima
342 2489 404 2562 illa
429 2488 516 2563 artis
541 2489 746 2564 rudimenta
772 2513 852 2587 quaa
877 2489 915 2562 in
939 2489 1103 2562 Deorum
1129 2489 1254 2563 laudes

194 2608 306 2701 *quasi
332 2613 462 2703 sponte
489 2591 693 2682 effuderunt
722 2607 897 2692 homines,
923 2607 999 2701 jam
1027 2603 1065 2677 in
1091 2603 1255 2680 Herobm

203 2723 326 2797 laudes
344 2723 546 2810 transierat,
560 2733 596 2798 et
612 2723 651 2797 in
664 2724 742 2797 vita
757 2725 916 2797 humana
930 2721 1064 2796 versari
1081 2729 1253 2818 coeperat.

204 2841 342 2940 ltaque,
361 2853 404 2916 ut
428 2842 499 2915 sert
525 2849 664 2928 natura,
683 2841 886 2934 imitatione
904 2840 1061 2938 quadam
1079 2863 1200 2912 mores
1218 2847 1255 2914 et

201 2982 258 3032 res
287 2966 408 3054 gestas
438 2959 629 3033 hominum
662 2959 861 3056 exprimere
895 2965 1025 3032 conata
1059 2962 1127 3030 est.
1184 2955 1256 3030 Sed

203 3099 320 3148 mores
338 3080 375 3148 et
397 3085 499 3171 gesta
515 3073 706 3148 hominum
722 3099 764 3148 ex
787 3099 909 3148 rerum
927 3071 1016 3146 serie
1039 3073 1201 3170 pendent
1219 3078 1256 3146 et

202 3189 241 3263 in
259 3215 303 3264 ea
318 3215 356 3264 sc
373 3192 541 3288 produnt.
594 3191 668 3290 Vix
685 3193 796 3288 igitur
812 3193 916 3265 aliter
932 3190 1085 3287 exprimi
1101 3200 1257 3287 possunt

203 3309 272 3380 nisi
290 3332 335 3380 ex
352 3306 510 3385 historiae
531 3310 710 3406 particula
728 3310 904 3405 quadam:
935 3333 1008 3405 quo
1029 3307 1125 3381 enim
1149 3309 1257 3382 modo

203 3449 249 3498 ex
266 3449 383 3498 rerum
402 3427 624 3522 singularum
643 3425 732 3500 serie
749 3432 787 3499 et
804 3426 928 3500 ordine
945 3427 989 3499 de
1007 3425 1080 3498 vita
1097 3426 1257 3498 humana
1311 3502 1316 3513 ,

199 3540 379 3638 judicium
391 3544 550 3632 ferimus,
570 3544 697 3618 eodem
713 3567 858 3617 necesse
876 3549 931 3616 est
948 3567 1026 3615 eam
1045 3549 1204 3639 exponat
1220 3554 1258 3616 et

204 3659 376 3756 depingat
392 3659 526 3734 Poeta:
551 3660 637 3733 binc
656 3661 758 3748 adeo,
779 3671 821 3733 ut
839 3683 964 3732 omnes
981 3659 1154 3744 fatentur,
1174 3683 1256 3732 nar-

204 3775 353 3849 rationis
371 3800 499 3873 expers
514 3775 621 3872 sriget
646 3783 684 3850 et
710 3777 806 3849 mole
831 3799 897 3848 sua
915 3775 1058 3847 laborat
1074 3781 1112 3847 et
1131 3773 1258 3847 lectori

202 3892 390 3966 fastidium
424 3899 546 3966 movet
580 3891 709 3966 Oratio
737 3890 956 3965 Laudativa:
994 3897 1077 3963 tum
1110 3891 1259 3963 demum

202 4008 305 4082 ardet
332 4017 370 4082 et
399 4009 648 4084 oblectationis
673 4011 790 4106 plena
823 4015 879 4082 est
913 4031 999 4080 cum
1029 4032 1074 4080 ex
1109 4006 1259 4081 historia

202 4127 321 4201 laudis
339 4127 525 4200 materiem
546 4127 654 4201 elicit.
710 4124 796 4209 Quo
816 4132 940 4197 autem
960 4125 1076 4220 magis
1102 4148 1147 4196 ex
1172 4131 1260 4220 apta

203 4249 242 4318 et
265 4243 438 4318 continua
456 4269 577 4318 rerum
604 4243 694 4318 serie
720 4248 864 4317 constet
890 4241 1046 4314 narratio
1072 4265 1115 4314 eo
1142 4243 1259 4337 magis

204 4363 329 4456 pronis
355 4363 502 4436 auribus
525 4361 710 4458 accipitur.
765 4361 809 4432 ln
837 4359 945 4433 unius
972 4359 1068 4445 belli,
1091 4357 1256 4454 regionis,
