<?xml version="1.0" encoding="UTF-8"?>
<!DOCTYPE html PUBLIC "-//W3C//DTD XHTML 1.0 Transitional//EN"
    "http://www.w3.org/TR/xhtml1/DTD/xhtml1-transitional.dtd">
<html xmlns="http://www.w3.org/1999/xhtml" xml:lang="en" lang="en">
 <head>
  <title>
</title>
<meta http-equiv="Content-Type" content="text/html;charset=utf-8" />
  <meta name='ocr-system' content='tesseract 3.04.00' />
  <meta name='ocr-capabilities' content='ocr_page ocr_carea ocr_par ocr_line ocrx_word'/>
</head>
<body>
  <div class='ocr_page' id='page_1' title='image "./prlectionesacad00randgoog_0116.png"; bbox 0 0 3094 4898; ppageno 0'>
   <div class='ocr_carea' id='block_1_1' title="bbox 314 275 1022 350">
    <p class='ocr_par' dir='ltr' id='par_1_1' title="bbox 314 275 1022 350">
     <span class='ocr_line' id='line_1_1' title="bbox 314 275 1022 350; baseline 0.016 -11"><span class='ocrx_word' id='word_1_1' title='bbox 314 275 377 340; x_wconf 87' lang='lat' dir='ltr'>loc</span> <span class='ocrx_word' id='word_1_2' title='bbox 660 299 876 349; x_wconf 70' lang='lat' dir='ltr'>casamo</span> <span class='ocrx_word' id='word_1_3' title='bbox 897 301 1022 350; x_wconf 72' lang='lat' dir='ltr'>saxna,</span> 
     </span>
    </p>
   </div>
   <div class='ocr_carea' id='block_1_2' title="bbox 257 450 1367 4377">
    <p class='ocr_par' dir='ltr' id='par_1_2' title="bbox 257 450 1367 4377">
     <span class='ocr_line' id='line_1_2' title="bbox 310 450 1367 547; baseline 0.006 -25"><span class='ocrx_word' id='word_1_4' title='bbox 310 451 448 538; x_wconf 88' lang='lat' dir='ltr'>munia,</span> <span class='ocrx_word' id='word_1_5' title='bbox 467 474 513 524; x_wconf 87' lang='lat' dir='ltr'>ex</span> <span class='ocrx_word' id='word_1_6' title='bbox 539 451 672 547; x_wconf 90' lang='lat' dir='ltr'>quibus</span> <span class='ocrx_word' id='word_1_7' title='bbox 692 460 818 523; x_wconf 85' lang='lat' dir='ltr'>tamen</span> <span class='ocrx_word' id='word_1_8' title='bbox 842 450 946 524; x_wconf 86' lang='lat' dir='ltr'>facile</span> <span class='ocrx_word' id='word_1_9' title='bbox 969 452 1180 527; x_wconf 85' lang='lat' dir='ltr'>deducenda</span> <span class='ocrx_word' id='word_1_10' title='bbox 1204 461 1303 542; x_wconf 89' lang='lat' dir='ltr'>sunt,</span> <span class='ocrx_word' id='word_1_11' title='bbox 1322 479 1367 528; x_wconf 89' lang='lat' dir='ltr'>ea</span> 
     </span>
     <span class='ocr_line' id='line_1_3' title="bbox 311 562 1365 663; baseline 0.006 -29"><span class='ocrx_word' id='word_1_12' title='bbox 311 587 393 658; x_wconf 84' lang='lat' dir='ltr'>quae</span> <span class='ocrx_word' id='word_1_13' title='bbox 420 562 489 660; x_wconf 92' lang='lat' dir='ltr'>ipsi</span> <span class='ocrx_word' id='word_1_14' title='bbox 518 564 665 660; x_wconf 86' lang='lat' dir='ltr'>propria</span> <span class='ocrx_word' id='word_1_15' title='bbox 690 570 802 649; x_wconf 84' lang='lat' dir='ltr'>sunt3</span> <span class='ocrx_word' id='word_1_16' title='bbox 836 589 909 660; x_wconf 93' lang='lat' dir='ltr'>quo</span> <span class='ocrx_word' id='word_1_17' title='bbox 935 564 1034 636; x_wconf 91' lang='lat' dir='ltr'>enim</span> <span class='ocrx_word' id='word_1_18' title='bbox 1060 565 1197 660; x_wconf 89' lang='lat' dir='ltr'>majore</span> <span class='ocrx_word' id='word_1_19' title='bbox 1222 566 1365 663; x_wconf 88' lang='lat' dir='ltr'>impetu</span> 
     </span>
     <span class='ocr_line' id='line_1_4' title="bbox 311 679 1365 778; baseline 0.006 -29"><span class='ocrx_word' id='word_1_20' title='bbox 311 700 389 750; x_wconf 88' lang='lat' dir='ltr'>sese</span> <span class='ocrx_word' id='word_1_21' title='bbox 415 679 527 752; x_wconf 82' lang='lat' dir='ltr'>exerit</span> <span class='ocrx_word' id='word_1_22' title='bbox 558 685 690 752; x_wconf 89' lang='lat' dir='ltr'>natura</span> <span class='ocrx_word' id='word_1_23' title='bbox 718 679 888 765; x_wconf 83' lang='lat' dir='ltr'>humana,</span> <span class='ocrx_word' id='word_1_24' title='bbox 918 703 993 776; x_wconf 94' lang='lat' dir='ltr'>quo</span> <span class='ocrx_word' id='word_1_25' title='bbox 1021 680 1157 776; x_wconf 88' lang='lat' dir='ltr'>majore</span> <span class='ocrx_word' id='word_1_26' title='bbox 1187 689 1365 778; x_wconf 83' lang='lat' dir='ltr'>apparatu</span> 
     </span>
     <span class='ocr_line' id='line_1_5' title="bbox 308 793 1365 891; baseline 0.007 -26"><span class='ocrx_word' id='word_1_27' title='bbox 308 793 515 880; x_wconf 83' lang='lat' dir='ltr'>instruitur,</span> <span class='ocrx_word' id='word_1_28' title='bbox 533 818 577 868; x_wconf 92' lang='lat' dir='ltr'>eo</span> <span class='ocrx_word' id='word_1_29' title='bbox 595 795 710 890; x_wconf 84' lang='lat' dir='ltr'>magis</span> <span class='ocrx_word' id='word_1_30' title='bbox 727 794 879 891; x_wconf 86' lang='lat' dir='ltr'>poeticis</span> <span class='ocrx_word' id='word_1_31' title='bbox 896 795 1004 867; x_wconf 87' lang='lat' dir='ltr'>rebus</span> <span class='ocrx_word' id='word_1_32' title='bbox 1026 795 1199 870; x_wconf 87' lang='lat' dir='ltr'>inservire</span> <span class='ocrx_word' id='word_1_33' title='bbox 1215 821 1365 872; x_wconf 85' lang='lat' dir='ltr'>necesse</span> 
     </span>
     <span class='ocr_line' id='line_1_6' title="bbox 309 909 1365 1006; baseline 0.002 -22"><span class='ocrx_word' id='word_1_34' title='bbox 309 915 377 984; x_wconf 86' lang='lat' dir='ltr'>est.</span> <span class='ocrx_word' id='word_1_35' title='bbox 421 911 490 984; x_wconf 87' lang='lat' dir='ltr'>Illa</span> <span class='ocrx_word' id='word_1_36' title='bbox 506 917 631 984; x_wconf 86' lang='lat' dir='ltr'>autem</span> <span class='ocrx_word' id='word_1_37' title='bbox 647 933 728 1006; x_wconf 82' lang='lat' dir='ltr'>quae</span> <span class='ocrx_word' id='word_1_38' title='bbox 745 933 791 983; x_wconf 91' lang='lat' dir='ltr'>ex</span> <span class='ocrx_word' id='word_1_39' title='bbox 808 909 985 983; x_wconf 82' lang='lat' dir='ltr'>libertatis</span> <span class='ocrx_word' id='word_1_40' title='bbox 997 917 1036 984; x_wconf 88' lang='lat' dir='ltr'>et</span> <span class='ocrx_word' id='word_1_41' title='bbox 1053 935 1174 985; x_wconf 89' lang='lat' dir='ltr'>rerum</span> <span class='ocrx_word' id='word_1_42' title='bbox 1192 913 1365 1006; x_wconf 85' lang='lat' dir='ltr'>gerenda·</span> 
     </span>
     <span class='ocr_line' id='line_1_7' title="bbox 309 1025 1364 1122; baseline 0.002 -22"><span class='ocrx_word' id='word_1_43' title='bbox 309 1051 393 1100; x_wconf 88' lang='lat' dir='ltr'>rum</span> <span class='ocrx_word' id='word_1_44' title='bbox 410 1027 531 1100; x_wconf 89' lang='lat' dir='ltr'>studio</span> <span class='ocrx_word' id='word_1_45' title='bbox 549 1027 735 1100; x_wconf 83' lang='lat' dir='ltr'>suboritur</span> <span class='ocrx_word' id='word_1_46' title='bbox 747 1025 907 1112; x_wconf 87' lang='lat' dir='ltr'>audacia,</span> <span class='ocrx_word' id='word_1_47' title='bbox 921 1026 1073 1098; x_wconf 90' lang='lat' dir='ltr'>eandem</span> <span class='ocrx_word' id='word_1_48' title='bbox 1089 1026 1187 1122; x_wconf 91' lang='lat' dir='ltr'>apud</span> <span class='ocrx_word' id='word_1_49' title='bbox 1200 1026 1364 1115; x_wconf 78' lang='lat' dir='ltr'>Graeoos,</span> 
     </span>
     <span class='ocr_line' id='line_1_8' title="bbox 309 1141 1362 1239; baseline 0.002 -24"><span class='ocrx_word' id='word_1_50' title='bbox 309 1166 421 1239; x_wconf 89' lang='lat' dir='ltr'>quam</span> <span class='ocrx_word' id='word_1_51' title='bbox 445 1143 543 1239; x_wconf 89' lang='lat' dir='ltr'>apud</span> <span class='ocrx_word' id='word_1_52' title='bbox 568 1153 716 1216; x_wconf 77' lang='lat' dir='ltr'>caeteros</span> <span class='ocrx_word' id='word_1_53' title='bbox 742 1141 897 1239; x_wconf 80' lang='lat' dir='ltr'>Europae</span> <span class='ocrx_word' id='word_1_54' title='bbox 927 1143 1084 1239; x_wconf 91' lang='lat' dir='ltr'>populos</span> <span class='ocrx_word' id='word_1_55' title='bbox 1109 1143 1184 1216; x_wconf 89' lang='lat' dir='ltr'>vim</span> <span class='ocrx_word' id='word_1_56' title='bbox 1210 1143 1362 1232; x_wconf 83' lang='lat' dir='ltr'>habuit3</span> 
     </span>
     <span class='ocr_line' id='line_1_9' title="bbox 310 1255 1365 1354; baseline 0.002 -24"><span class='ocrx_word' id='word_1_57' title='bbox 310 1255 399 1354; x_wconf 93' lang='lat' dir='ltr'>quin</span> <span class='ocrx_word' id='word_1_58' title='bbox 428 1269 466 1330; x_wconf 91' lang='lat' dir='ltr'>et</span> <span class='ocrx_word' id='word_1_59' title='bbox 497 1282 541 1332; x_wconf 93' lang='lat' dir='ltr'>eo</span> <span class='ocrx_word' id='word_1_60' title='bbox 570 1256 651 1353; x_wconf 92' lang='lat' dir='ltr'>ipso</span> <span class='ocrx_word' id='word_1_61' title='bbox 679 1264 847 1353; x_wconf 85' lang='lat' dir='ltr'>tempore</span> <span class='ocrx_word' id='word_1_62' title='bbox 876 1257 922 1329; x_wconf 90' lang='lat' dir='ltr'>ab</span> <span class='ocrx_word' id='word_1_63' title='bbox 951 1257 1114 1354; x_wconf 84' lang='lat' dir='ltr'>AEgypto</span> <span class='ocrx_word' id='word_1_64' title='bbox 1144 1267 1181 1330; x_wconf 87' lang='lat' dir='ltr'>et</span> <span class='ocrx_word' id='word_1_65' title='bbox 1210 1255 1365 1332; x_wconf 83' lang='lat' dir='ltr'>Oriente</span> 
     </span>
     <span class='ocr_line' id='line_1_10' title="bbox 308 1373 1364 1468; baseline 0.002 -22"><span class='ocrx_word' id='word_1_66' title='bbox 308 1378 516 1447; x_wconf 87' lang='lat' dir='ltr'>transvecta</span> <span class='ocrx_word' id='word_1_67' title='bbox 532 1382 619 1447; x_wconf 91' lang='lat' dir='ltr'>sunt</span> <span class='ocrx_word' id='word_1_68' title='bbox 641 1373 776 1446; x_wconf 87' lang='lat' dir='ltr'>artium</span> <span class='ocrx_word' id='word_1_69' title='bbox 799 1373 1027 1468; x_wconf 85' lang='lat' dir='ltr'>quarundam</span> <span class='ocrx_word' id='word_1_70' title='bbox 1049 1379 1088 1446; x_wconf 88' lang='lat' dir='ltr'>et</span> <span class='ocrx_word' id='word_1_71' title='bbox 1103 1373 1189 1446; x_wconf 84' lang='lat' dir='ltr'>vitae</span> <span class='ocrx_word' id='word_1_72' title='bbox 1205 1373 1364 1448; x_wconf 90' lang='lat' dir='ltr'>melioris</span> 
     </span>
     <span class='ocr_line' id='line_1_11' title="bbox 308 1488 1364 1585; baseline 0.001 -23"><span class='ocrx_word' id='word_1_73' title='bbox 308 1488 423 1577; x_wconf 88' lang='lat' dir='ltr'>initia,</span> <span class='ocrx_word' id='word_1_74' title='bbox 443 1489 534 1562; x_wconf 87' lang='lat' dir='ltr'>adeo</span> <span class='ocrx_word' id='word_1_75' title='bbox 551 1499 594 1562; x_wconf 92' lang='lat' dir='ltr'>ut</span> <span class='ocrx_word' id='word_1_76' title='bbox 619 1488 698 1585; x_wconf 90' lang='lat' dir='ltr'>pari</span> <span class='ocrx_word' id='word_1_77' title='bbox 715 1488 826 1562; x_wconf 88' lang='lat' dir='ltr'>animi</span> <span class='ocrx_word' id='word_1_78' title='bbox 847 1489 973 1563; x_wconf 88' lang='lat' dir='ltr'>ardore</span> <span class='ocrx_word' id='word_1_79' title='bbox 990 1489 1053 1562; x_wconf 87' lang='lat' dir='ltr'>aed</span> <span class='ocrx_word' id='word_1_80' title='bbox 1072 1489 1176 1562; x_wconf 87' lang='lat' dir='ltr'>novis</span> <span class='ocrx_word' id='word_1_81' title='bbox 1194 1489 1364 1563; x_wconf 90' lang='lat' dir='ltr'>subsidiis</span> 
     </span>
     <span class='ocr_line' id='line_1_12' title="bbox 309 1603 1363 1700; baseline 0.002 -24"><span class='ocrx_word' id='word_1_82' title='bbox 309 1604 424 1698; x_wconf 89' lang='lat' dir='ltr'>adjuti</span> <span class='ocrx_word' id='word_1_83' title='bbox 440 1604 592 1677; x_wconf 89' lang='lat' dir='ltr'>eandem</span> <span class='ocrx_word' id='word_1_84' title='bbox 608 1603 706 1676; x_wconf 87' lang='lat' dir='ltr'>viam</span> <span class='ocrx_word' id='word_1_85' title='bbox 723 1603 873 1700; x_wconf 85' lang='lat' dir='ltr'>ingressi</span> <span class='ocrx_word' id='word_1_86' title='bbox 896 1605 981 1678; x_wconf 90' lang='lat' dir='ltr'>sint.</span> <span class='ocrx_word' id='word_1_87' title='bbox 1034 1604 1129 1678; x_wconf 93' lang='lat' dir='ltr'>Illud</span> <span class='ocrx_word' id='word_1_88' title='bbox 1147 1605 1257 1678; x_wconf 86' lang='lat' dir='ltr'>etiam</span> <span class='ocrx_word' id='word_1_89' title='bbox 1273 1629 1363 1678; x_wconf 82' lang='lat' dir='ltr'>rarae</span> 
     </span>
     <span class='ocr_line' id='line_1_13' title="bbox 307 1720 1363 1818; baseline 0.003 -27"><span class='ocrx_word' id='word_1_90' title='bbox 307 1725 516 1816; x_wconf 85' lang='lat' dir='ltr'>temporum</span> <span class='ocrx_word' id='word_1_91' title='bbox 528 1720 689 1794; x_wconf 80' lang='lat' dir='ltr'>felicitati</span> <span class='ocrx_word' id='word_1_92' title='bbox 700 1720 934 1794; x_wconf 90' lang='lat' dir='ltr'>tribuendum</span> <span class='ocrx_word' id='word_1_93' title='bbox 944 1728 1012 1808; x_wconf 90' lang='lat' dir='ltr'>est,</span> <span class='ocrx_word' id='word_1_94' title='bbox 1024 1721 1122 1818; x_wconf 93' lang='lat' dir='ltr'>quod</span> <span class='ocrx_word' id='word_1_95' title='bbox 1134 1721 1261 1794; x_wconf 87' lang='lat' dir='ltr'>eadem</span> <span class='ocrx_word' id='word_1_96' title='bbox 1272 1730 1363 1794; x_wconf 85' lang='lat' dir='ltr'>tem·</span> 
     </span>
     <span class='ocr_line' id='line_1_14' title="bbox 308 1835 1362 1948; baseline 0 -39"><span class='ocrx_word' id='word_1_97' title='bbox 308 1842 449 1948; x_wconf 75' lang='lat' dir='ltr'>pestate</span> <span class='ocrx_word' id='word_1_98' title='bbox 475 1837 608 1932; x_wconf 84' lang='lat' dir='ltr'>singuli</span> <span class='ocrx_word' id='word_1_99' title='bbox 633 1835 796 1931; x_wconf 80' lang='lat' dir='ltr'>regiones</span> <span class='ocrx_word' id='word_1_100' title='bbox 822 1861 907 1910; x_wconf 85' lang='lat' dir='ltr'>suas</span> <span class='ocrx_word' id='word_1_101' title='bbox 936 1843 1205 1934; x_wconf 86' lang='lat' dir='ltr'>occupaverant</span> <span class='ocrx_word' id='word_1_102' title='bbox 1229 1835 1362 1925; x_wconf 79' lang='lat' dir='ltr'>Graeci,</span> 
     </span>
     <span class='ocr_line' id='line_1_15' title="bbox 306 1951 1361 2050; baseline 0.001 -25"><span class='ocrx_word' id='word_1_103' title='bbox 306 1951 485 2027; x_wconf 89' lang='lat' dir='ltr'>institutis</span> <span class='ocrx_word' id='word_1_104' title='bbox 502 1952 650 2050; x_wconf 92' lang='lat' dir='ltr'>quidem</span> <span class='ocrx_word' id='word_1_105' title='bbox 666 1951 718 2025; x_wconf 91' lang='lat' dir='ltr'>illi</span> <span class='ocrx_word' id='word_1_106' title='bbox 734 1962 773 2025; x_wconf 86' lang='lat' dir='ltr'>et</span> <span class='ocrx_word' id='word_1_107' title='bbox 789 1952 948 2025; x_wconf 88' lang='lat' dir='ltr'>moribus</span> <span class='ocrx_word' id='word_1_108' title='bbox 974 1953 1193 2050; x_wconf 90' lang='lat' dir='ltr'>quibusdam</span> <span class='ocrx_word' id='word_1_109' title='bbox 1209 1953 1305 2026; x_wconf 88' lang='lat' dir='ltr'>inter</span> <span class='ocrx_word' id='word_1_110' title='bbox 1321 1977 1361 2026; x_wconf 87' lang='lat' dir='ltr'>se</span> 
     </span>
     <span class='ocr_line' id='line_1_16' title="bbox 308 2066 1360 2166; baseline -0.001 -24"><span class='ocrx_word' id='word_1_111' title='bbox 308 2068 479 2166; x_wconf 90' lang='lat' dir='ltr'>disjuncti</span> <span class='ocrx_word' id='word_1_112' title='bbox 500 2070 564 2142; x_wconf 85' lang='lat' dir='ltr'>sed</span> <span class='ocrx_word' id='word_1_113' title='bbox 581 2068 785 2142; x_wconf 86' lang='lat' dir='ltr'>arctissima</span> <span class='ocrx_word' id='word_1_114' title='bbox 810 2066 920 2140; x_wconf 88' lang='lat' dir='ltr'>simul</span> <span class='ocrx_word' id='word_1_115' title='bbox 944 2068 1163 2164; x_wconf 81' lang='lat' dir='ltr'>cognatione</span> <span class='ocrx_word' id='word_1_116' title='bbox 1180 2067 1360 2153; x_wconf 84' lang='lat' dir='ltr'>devincti;</span> 
     </span>
     <span class='ocr_line' id='line_1_17' title="bbox 309 2183 1362 2283; baseline -0.002 -24"><span class='ocrx_word' id='word_1_117' title='bbox 309 2211 390 2283; x_wconf 85' lang='lat' dir='ltr'>quae</span> <span class='ocrx_word' id='word_1_118' title='bbox 406 2192 503 2260; x_wconf 85' lang='lat' dir='ltr'>uerte</span> <span class='ocrx_word' id='word_1_119' title='bbox 520 2210 577 2258; x_wconf 90' lang='lat' dir='ltr'>res</span> <span class='ocrx_word' id='word_1_120' title='bbox 594 2187 767 2258; x_wconf 82' lang='lat' dir='ltr'>aemulum</span> <span class='ocrx_word' id='word_1_121' title='bbox 783 2184 887 2257; x_wconf 92' lang='lat' dir='ltr'>illum</span> <span class='ocrx_word' id='word_1_122' title='bbox 900 2185 1068 2257; x_wconf 88' lang='lat' dir='ltr'>ardorem</span> <span class='ocrx_word' id='word_1_123' title='bbox 1084 2184 1189 2271; x_wconf 86' lang='lat' dir='ltr'>sovit,</span> <span class='ocrx_word' id='word_1_124' title='bbox 1203 2195 1242 2258; x_wconf 90' lang='lat' dir='ltr'>et</span> <span class='ocrx_word' id='word_1_125' title='bbox 1257 2183 1362 2257; x_wconf 87' lang='lat' dir='ltr'>novis</span> 
     </span>
     <span class='ocr_line' id='line_1_18' title="bbox 308 2299 1360 2398; baseline -0.002 -24"><span class='ocrx_word' id='word_1_126' title='bbox 308 2302 466 2375; x_wconf 87' lang='lat' dir='ltr'>stimulis</span> <span class='ocrx_word' id='word_1_127' title='bbox 477 2300 630 2387; x_wconf 85' lang='lat' dir='ltr'>exacuit,</span> <span class='ocrx_word' id='word_1_128' title='bbox 643 2324 761 2398; x_wconf 89' lang='lat' dir='ltr'>neque</span> <span class='ocrx_word' id='word_1_129' title='bbox 774 2324 937 2398; x_wconf 89' lang='lat' dir='ltr'>unquam</span> <span class='ocrx_word' id='word_1_130' title='bbox 946 2299 1146 2396; x_wconf 86' lang='lat' dir='ltr'>refrigerari</span> <span class='ocrx_word' id='word_1_131' title='bbox 1161 2323 1269 2398; x_wconf 84' lang='lat' dir='ltr'>passa</span> <span class='ocrx_word' id='word_1_132' title='bbox 1281 2306 1360 2386; x_wconf 75' lang='lat' dir='ltr'>ost5</span> 
     </span>
     <span class='ocr_line' id='line_1_19' title="bbox 308 2415 1362 2515; baseline -0.001 -24"><span class='ocrx_word' id='word_1_133' title='bbox 308 2419 397 2495; x_wconf 91' lang='lat' dir='ltr'>dum</span> <span class='ocrx_word' id='word_1_134' title='bbox 414 2418 547 2515; x_wconf 79' lang='lat' dir='ltr'>singuli</span> <span class='ocrx_word' id='word_1_135' title='bbox 562 2419 601 2491; x_wconf 93' lang='lat' dir='ltr'>in</span> <span class='ocrx_word' id='word_1_136' title='bbox 617 2418 685 2491; x_wconf 90' lang='lat' dir='ltr'>hac</span> <span class='ocrx_word' id='word_1_137' title='bbox 702 2424 767 2491; x_wconf 90' lang='lat' dir='ltr'>aut</span> <span class='ocrx_word' id='word_1_138' title='bbox 785 2417 847 2491; x_wconf 88' lang='lat' dir='ltr'>illa</span> <span class='ocrx_word' id='word_1_139' title='bbox 863 2442 904 2490; x_wconf 85' lang='lat' dir='ltr'>re</span> <span class='ocrx_word' id='word_1_140' title='bbox 920 2417 967 2490; x_wconf 90' lang='lat' dir='ltr'>ad</span> <span class='ocrx_word' id='word_1_141' title='bbox 988 2417 1232 2513; x_wconf 80' lang='lat' dir='ltr'>principatum</span> <span class='ocrx_word' id='word_1_142' title='bbox 1248 2415 1362 2490; x_wconf 85' lang='lat' dir='ltr'>enite-</span> 
     </span>
     <span class='ocr_line' id='line_1_20' title="bbox 307 2531 1362 2633; baseline -0.004 -23"><span class='ocrx_word' id='word_1_143' title='bbox 307 2537 450 2610; x_wconf 88' lang='lat' dir='ltr'>bantur.</span> <span class='ocrx_word' id='word_1_144' title='bbox 503 2534 728 2633; x_wconf 86' lang='lat' dir='ltr'>Adjumenta</span> <span class='ocrx_word' id='word_1_145' title='bbox 755 2535 881 2631; x_wconf 87' lang='lat' dir='ltr'>itaque</span> <span class='ocrx_word' id='word_1_146' title='bbox 910 2543 947 2607; x_wconf 91' lang='lat' dir='ltr'>et</span> <span class='ocrx_word' id='word_1_147' title='bbox 980 2532 1142 2606; x_wconf 89' lang='lat' dir='ltr'>subsidia</span> <span class='ocrx_word' id='word_1_148' title='bbox 1167 2531 1290 2606; x_wconf 86' lang='lat' dir='ltr'>omnia</span> <span class='ocrx_word' id='word_1_149' title='bbox 1322 2533 1362 2606; x_wconf 89' lang='lat' dir='ltr'>in</span> 
     </span>
     <span class='ocr_line' id='line_1_21' title="bbox 306 2647 1362 2750; baseline -0.003 -26"><span class='ocrx_word' id='word_1_150' title='bbox 306 2660 481 2750; x_wconf 90' lang='lat' dir='ltr'>promptu</span> <span class='ocrx_word' id='word_1_151' title='bbox 510 2656 625 2738; x_wconf 88' lang='lat' dir='ltr'>erant,</span> <span class='ocrx_word' id='word_1_152' title='bbox 655 2674 736 2747; x_wconf 88' lang='lat' dir='ltr'>quae</span> <span class='ocrx_word' id='word_1_153' title='bbox 763 2673 952 2746; x_wconf 87' lang='lat' dir='ltr'>nunquam</span> <span class='ocrx_word' id='word_1_154' title='bbox 977 2674 1051 2723; x_wconf 94' lang='lat' dir='ltr'>non</span> <span class='ocrx_word' id='word_1_155' title='bbox 1079 2648 1184 2723; x_wconf 87' lang='lat' dir='ltr'>avide</span> <span class='ocrx_word' id='word_1_156' title='bbox 1210 2647 1362 2744; x_wconf 90' lang='lat' dir='ltr'>arripuit</span> 
     </span>
     <span class='ocr_line' id='line_1_22' title="bbox 307 2767 1361 2868; baseline -0.004 -24"><span class='ocrx_word' id='word_1_157' title='bbox 307 2773 467 2868; x_wconf 90' lang='lat' dir='ltr'>populus</span> <span class='ocrx_word' id='word_1_158' title='bbox 492 2772 596 2843; x_wconf 76' lang='lat' dir='ltr'>elatae</span> <span class='ocrx_word' id='word_1_159' title='bbox 621 2776 659 2843; x_wconf 89' lang='lat' dir='ltr'>et</span> <span class='ocrx_word' id='word_1_160' title='bbox 685 2769 835 2842; x_wconf 71' lang='lat' dir='ltr'>excelse</span> <span class='ocrx_word' id='word_1_161' title='bbox 861 2767 1008 2856; x_wconf 89' lang='lat' dir='ltr'>mentis,</span> <span class='ocrx_word' id='word_1_162' title='bbox 1032 2773 1071 2841; x_wconf 88' lang='lat' dir='ltr'>et</span> <span class='ocrx_word' id='word_1_163' title='bbox 1096 2767 1136 2839; x_wconf 94' lang='lat' dir='ltr'>in</span> <span class='ocrx_word' id='word_1_164' title='bbox 1161 2791 1251 2841; x_wconf 86' lang='lat' dir='ltr'>usus</span> <span class='ocrx_word' id='word_1_165' title='bbox 1274 2791 1361 2840; x_wconf 92' lang='lat' dir='ltr'>suos</span> 
     </span>
     <span class='ocr_line' id='line_1_23' title="bbox 305 2883 1359 2982; baseline -0.002 -22"><span class='ocrx_word' id='word_1_166' title='bbox 305 2887 504 2961; x_wconf 85' lang='lat' dir='ltr'>transtulit.</span> <span class='ocrx_word' id='word_1_167' title='bbox 557 2887 669 2959; x_wconf 92' lang='lat' dir='ltr'>Hunc</span> <span class='ocrx_word' id='word_1_168' title='bbox 693 2886 871 2982; x_wconf 92' lang='lat' dir='ltr'>populum</span> <span class='ocrx_word' id='word_1_169' title='bbox 888 2883 1009 2957; x_wconf 89' lang='lat' dir='ltr'>medio</span> <span class='ocrx_word' id='word_1_170' title='bbox 1029 2885 1106 2980; x_wconf 87' lang='lat' dir='ltr'>jam</span> <span class='ocrx_word' id='word_1_171' title='bbox 1122 2884 1160 2956; x_wconf 92' lang='lat' dir='ltr'>in</span> <span class='ocrx_word' id='word_1_172' title='bbox 1178 2907 1288 2958; x_wconf 91' lang='lat' dir='ltr'>cursu</span> <span class='ocrx_word' id='word_1_173' title='bbox 1314 2910 1359 2958; x_wconf 85' lang='lat' dir='ltr'>ex</span> 
     </span>
     <span class='ocr_line' id='line_1_24' title="bbox 304 2998 1359 3099; baseline -0.001 -24"><span class='ocrx_word' id='word_1_174' title='bbox 304 3003 467 3075; x_wconf 89' lang='lat' dir='ltr'>barbarie</span> <span class='ocrx_word' id='word_1_175' title='bbox 483 3025 561 3075; x_wconf 86' lang='lat' dir='ltr'>sese</span> <span class='ocrx_word' id='word_1_176' title='bbox 578 3001 821 3099; x_wconf 79' lang='lat' dir='ltr'>explicantem</span> <span class='ocrx_word' id='word_1_177' title='bbox 837 3009 921 3072; x_wconf 85' lang='lat' dir='ltr'>ante</span> <span class='ocrx_word' id='word_1_178' title='bbox 946 3000 1071 3072; x_wconf 93' lang='lat' dir='ltr'>oculos</span> <span class='ocrx_word' id='word_1_179' title='bbox 1088 3000 1217 3073; x_wconf 88' lang='lat' dir='ltr'>habuit</span> <span class='ocrx_word' id='word_1_180' title='bbox 1233 2998 1359 3089; x_wconf 88' lang='lat' dir='ltr'>Poeta,</span> 
     </span>
     <span class='ocr_line' id='line_1_25' title="bbox 306 3113 1360 3213; baseline 0.001 -23"><span class='ocrx_word' id='word_1_181' title='bbox 306 3119 375 3191; x_wconf 90' lang='lat' dir='ltr'>hos</span> <span class='ocrx_word' id='word_1_182' title='bbox 398 3141 516 3190; x_wconf 88' lang='lat' dir='ltr'>mores</span> <span class='ocrx_word' id='word_1_183' title='bbox 536 3117 604 3189; x_wconf 91' lang='lat' dir='ltr'>sibi</span> <span class='ocrx_word' id='word_1_184' title='bbox 625 3142 692 3213; x_wconf 92' lang='lat' dir='ltr'>pro</span> <span class='ocrx_word' id='word_1_185' title='bbox 712 3113 861 3190; x_wconf 76' lang='lat' dir='ltr'>materia</span> <span class='ocrx_word' id='word_1_186' title='bbox 884 3126 1011 3188; x_wconf 86' lang='lat' dir='ltr'>nactus</span> <span class='ocrx_word' id='word_1_187' title='bbox 1037 3121 1114 3188; x_wconf 87' lang='lat' dir='ltr'>est:</span> <span class='ocrx_word' id='word_1_188' title='bbox 1155 3139 1231 3188; x_wconf 94' lang='lat' dir='ltr'>non</span> <span class='ocrx_word' id='word_1_189' title='bbox 1252 3117 1360 3191; x_wconf 88' lang='lat' dir='ltr'>fictos</span> 
     </span>
     <span class='ocr_line' id='line_1_26' title="bbox 306 3232 1358 3329; baseline 0 -23"><span class='ocrx_word' id='word_1_190' title='bbox 306 3233 387 3306; x_wconf 86' lang='lat' dir='ltr'>illos</span> <span class='ocrx_word' id='word_1_191' title='bbox 412 3239 450 3305; x_wconf 89' lang='lat' dir='ltr'>et</span> <span class='ocrx_word' id='word_1_192' title='bbox 474 3235 568 3306; x_wconf 88' lang='lat' dir='ltr'>male</span> <span class='ocrx_word' id='word_1_193' title='bbox 593 3233 817 3329; x_wconf 89' lang='lat' dir='ltr'>compositos</span> <span class='ocrx_word' id='word_1_194' title='bbox 843 3232 907 3306; x_wconf 90' lang='lat' dir='ltr'>sed</span> <span class='ocrx_word' id='word_1_195' title='bbox 931 3233 1106 3306; x_wconf 89' lang='lat' dir='ltr'>honestos</span> <span class='ocrx_word' id='word_1_196' title='bbox 1136 3241 1174 3304; x_wconf 90' lang='lat' dir='ltr'>et</span> <span class='ocrx_word' id='word_1_197' title='bbox 1201 3257 1358 3306; x_wconf 88' lang='lat' dir='ltr'>severos.</span> 
     </span>
     <span class='ocr_line' id='line_1_27' title="bbox 307 3347 1359 3446; baseline 0.001 -27"><span class='ocrx_word' id='word_1_198' title='bbox 307 3348 405 3421; x_wconf 83' lang='lat' dir='ltr'>Hine</span> <span class='ocrx_word' id='word_1_199' title='bbox 422 3347 610 3443; x_wconf 85' lang='lat' dir='ltr'>depromta</span> <span class='ocrx_word' id='word_1_200' title='bbox 626 3354 683 3421; x_wconf 89' lang='lat' dir='ltr'>est</span> <span class='ocrx_word' id='word_1_201' title='bbox 712 3348 774 3422; x_wconf 89' lang='lat' dir='ltr'>illa</span> <span class='ocrx_word' id='word_1_202' title='bbox 798 3371 1036 3446; x_wconf 90' lang='lat' dir='ltr'>personarum</span> <span class='ocrx_word' id='word_1_203' title='bbox 1052 3347 1208 3420; x_wconf 86' lang='lat' dir='ltr'>varietas</span> <span class='ocrx_word' id='word_1_204' title='bbox 1225 3353 1263 3420; x_wconf 90' lang='lat' dir='ltr'>et</span> <span class='ocrx_word' id='word_1_205' title='bbox 1280 3347 1359 3442; x_wconf 84' lang='lat' dir='ltr'>dig-</span> 
     </span>
     <span class='ocr_line' id='line_1_28' title="bbox 306 3463 1359 3559; baseline -0.001 -23"><span class='ocrx_word' id='word_1_206' title='bbox 306 3464 413 3554; x_wconf 88' lang='lat' dir='ltr'>nitas,</span> <span class='ocrx_word' id='word_1_207' title='bbox 431 3464 494 3537; x_wconf 87' lang='lat' dir='ltr'>illa</span> <span class='ocrx_word' id='word_1_208' title='bbox 516 3465 777 3538; x_wconf 87' lang='lat' dir='ltr'>sententiarum</span> <span class='ocrx_word' id='word_1_209' title='bbox 800 3465 1097 3552; x_wconf 87' lang='lat' dir='ltr'>constantia,an</span> <span class='ocrx_word' id='word_1_210' title='bbox 1117 3463 1274 3559; x_wconf 87' lang='lat' dir='ltr'>denique</span> <span class='ocrx_word' id='word_1_211' title='bbox 1293 3486 1359 3535; x_wconf 87' lang='lat' dir='ltr'>na-</span> 
     </span>
     <span class='ocr_line' id='line_1_29' title="bbox 306 3577 1360 3676; baseline -0.003 -24"><span class='ocrx_word' id='word_1_212' title='bbox 306 3585 398 3652; x_wconf 86' lang='lat' dir='ltr'>turae</span> <span class='ocrx_word' id='word_1_213' title='bbox 423 3587 458 3652; x_wconf 89' lang='lat' dir='ltr'>et</span> <span class='ocrx_word' id='word_1_214' title='bbox 481 3581 566 3653; x_wconf 85' lang='lat' dir='ltr'>vitae</span> <span class='ocrx_word' id='word_1_215' title='bbox 589 3581 758 3653; x_wconf 89' lang='lat' dir='ltr'>humanae</span> <span class='ocrx_word' id='word_1_216' title='bbox 784 3579 977 3676; x_wconf 87' lang='lat' dir='ltr'>multiplex</span> <span class='ocrx_word' id='word_1_217' title='bbox 1002 3577 1147 3664; x_wconf 88' lang='lat' dir='ltr'>notitia,</span> <span class='ocrx_word' id='word_1_218' title='bbox 1165 3600 1238 3674; x_wconf 88' lang='lat' dir='ltr'>qua</span> <span class='ocrx_word' id='word_1_219' title='bbox 1261 3601 1360 3650; x_wconf 93' lang='lat' dir='ltr'>unus</span> 
     </span>
     <span class='ocr_line' id='line_1_30' title="bbox 305 3677 1360 3791; baseline -0.005 -20"><span class='ocrx_word' id='word_1_220' title='bbox 305 3696 469 3771; x_wconf 90' lang='lat' dir='ltr'>omnium</span> <span class='ocrx_word' id='word_1_221' title='bbox 486 3696 642 3770; x_wconf 86' lang='lat' dir='ltr'>maxime</span> <span class='ocrx_word' id='word_1_222' title='bbox 660 3697 804 3770; x_wconf 88' lang='lat' dir='ltr'>eminet.</span> <span class='ocrx_word' id='word_1_223' title='bbox 845 3677 1068 3769; x_wconf 85' lang='lat' dir='ltr'>Fortunatus</span> <span class='ocrx_word' id='word_1_224' title='bbox 1085 3704 1184 3768; x_wconf 87' lang='lat' dir='ltr'>certe</span> <span class='ocrx_word' id='word_1_225' title='bbox 1200 3717 1277 3791; x_wconf 78' lang='lat' dir='ltr'>prae</span> <span class='ocrx_word' id='word_1_226' title='bbox 1293 3718 1360 3766; x_wconf 84' lang='lat' dir='ltr'>oae·</span> 
     </span>
     <span class='ocr_line' id='line_1_31' title="bbox 306 3808 1360 3910; baseline -0.004 -25"><span class='ocrx_word' id='word_1_227' title='bbox 306 3815 405 3900; x_wconf 89' lang='lat' dir='ltr'>teris,</span> <span class='ocrx_word' id='word_1_228' title='bbox 424 3813 522 3910; x_wconf 94' lang='lat' dir='ltr'>quod</span> <span class='ocrx_word' id='word_1_229' title='bbox 538 3813 577 3885; x_wconf 93' lang='lat' dir='ltr'>in</span> <span class='ocrx_word' id='word_1_230' title='bbox 595 3837 637 3886; x_wconf 82' lang='lat' dir='ltr'>aa</span> <span class='ocrx_word' id='word_1_231' title='bbox 653 3817 760 3886; x_wconf 86' lang='lat' dir='ltr'>aetate</span> <span class='ocrx_word' id='word_1_232' title='bbox 777 3821 885 3885; x_wconf 89' lang='lat' dir='ltr'>natus</span> <span class='ocrx_word' id='word_1_233' title='bbox 902 3821 970 3899; x_wconf 88' lang='lat' dir='ltr'>est,</span> <span class='ocrx_word' id='word_1_234' title='bbox 989 3809 1059 3898; x_wconf 86' lang='lat' dir='ltr'>eui,</span> <span class='ocrx_word' id='word_1_235' title='bbox 1079 3810 1177 3908; x_wconf 94' lang='lat' dir='ltr'>quod</span> <span class='ocrx_word' id='word_1_236' title='bbox 1193 3808 1360 3883; x_wconf 88' lang='lat' dir='ltr'>Poeticos</span> 
     </span>
     <span class='ocr_line' id='line_1_32' title="bbox 305 3925 1359 4026; baseline -0.004 -25"><span class='ocrx_word' id='word_1_237' title='bbox 305 3951 395 4001; x_wconf 90' lang='lat' dir='ltr'>usus</span> <span class='ocrx_word' id='word_1_238' title='bbox 428 3929 571 4015; x_wconf 88' lang='lat' dir='ltr'>attinet,</span> <span class='ocrx_word' id='word_1_239' title='bbox 603 3953 727 4026; x_wconf 88' lang='lat' dir='ltr'>parem</span> <span class='ocrx_word' id='word_1_240' title='bbox 760 3937 796 4001; x_wconf 91' lang='lat' dir='ltr'>et</span> <span class='ocrx_word' id='word_1_241' title='bbox 833 3925 988 4000; x_wconf 76' lang='lat' dir='ltr'>similem</span> <span class='ocrx_word' id='word_1_242' title='bbox 1020 3925 1155 3998; x_wconf 85' lang='lat' dir='ltr'>frustra</span> <span class='ocrx_word' id='word_1_243' title='bbox 1187 3926 1359 4021; x_wconf 86' lang='lat' dir='ltr'>requiras.</span> 
     </span>
     <span class='ocr_line' id='line_1_33' title="bbox 257 4041 1361 4142; baseline 0.004 -32"><span class='ocrx_word' id='word_1_244' title='bbox 257 4093 265 4110; x_wconf 93' lang='lat'>.</span> <span class='ocrx_word' id='word_1_245' title='bbox 306 4043 543 4141; x_wconf 82' lang='lat' dir='ltr'>Temporibus</span> <span class='ocrx_word' id='word_1_246' title='bbox 564 4047 670 4142; x_wconf 86' lang='lat' dir='ltr'>longe</span> <span class='ocrx_word' id='word_1_247' title='bbox 687 4045 838 4119; x_wconf 88' lang='lat' dir='ltr'>diversis</span> <span class='ocrx_word' id='word_1_248' title='bbox 855 4044 980 4118; x_wconf 89' lang='lat' dir='ltr'>floruit</span> <span class='ocrx_word' id='word_1_249' title='bbox 996 4043 1184 4140; x_wconf 83' lang='lat' dir='ltr'>Virgilius.</span> <span class='ocrx_word' id='word_1_250' title='bbox 1239 4041 1361 4116; x_wconf 90' lang='lat' dir='ltr'>Sensit</span> 
     </span>
     <span class='ocr_line' id='line_1_34' title="bbox 306 4157 1361 4258; baseline -0.001 -26"><span class='ocrx_word' id='word_1_251' title='bbox 306 4161 429 4256; x_wconf 86' lang='lat' dir='ltr'>itaque</span> <span class='ocrx_word' id='word_1_252' title='bbox 446 4161 665 4234; x_wconf 87' lang='lat' dir='ltr'>exactissimi</span> <span class='ocrx_word' id='word_1_253' title='bbox 681 4164 739 4235; x_wconf 86' lang='lat' dir='ltr'>vir</span> <span class='ocrx_word' id='word_1_254' title='bbox 763 4160 941 4258; x_wconf 74' lang='lat' dir='ltr'>judiciis</span> <span class='ocrx_word' id='word_1_255' title='bbox 963 4184 1038 4233; x_wconf 85' lang='lat' dir='ltr'>suae</span> <span class='ocrx_word' id='word_1_256' title='bbox 1059 4159 1177 4234; x_wconf 84' lang='lat' dir='ltr'>aetatis</span> <span class='ocrx_word' id='word_1_257' title='bbox 1198 4157 1361 4232; x_wconf 90' lang='lat' dir='ltr'>moribus</span> 
     </span>
     <span class='ocr_line' id='line_1_35' title="bbox 306 4275 1361 4377; baseline -0.002 -27"><span class='ocrx_word' id='word_1_258' title='bbox 306 4300 455 4377; x_wconf 90' lang='lat' dir='ltr'>prorsus</span> <span class='ocrx_word' id='word_1_259' title='bbox 485 4277 640 4350; x_wconf 86' lang='lat' dir='ltr'>alienam</span> <span class='ocrx_word' id='word_1_260' title='bbox 669 4303 748 4352; x_wconf 86' lang='lat' dir='ltr'>esse</span> <span class='ocrx_word' id='word_1_261' title='bbox 774 4278 924 4375; x_wconf 85' lang='lat' dir='ltr'>Epicam</span> <span class='ocrx_word' id='word_1_262' title='bbox 954 4277 1096 4366; x_wconf 89' lang='lat' dir='ltr'>Poesin,</span> <span class='ocrx_word' id='word_1_263' title='bbox 1126 4277 1173 4350; x_wconf 87' lang='lat' dir='ltr'>ad</span> <span class='ocrx_word' id='word_1_264' title='bbox 1203 4275 1361 4349; x_wconf 88' lang='lat' dir='ltr'>Heroica</span> 
     </span>
    </p>
   </div>
   <div class='ocr_carea' id='block_1_3' title="bbox 0 0 1552 4898">
    <p class='ocr_par' dir='ltr' id='par_1_3' title="bbox 0 0 1552 4898">
     <span class='ocr_line' id='line_1_36' title="bbox 0 0 1552 4898; baseline 0 1"><span class='ocrx_word' id='word_1_265' title='bbox 0 0 1552 4898; x_wconf 95' lang='lat' dir='ltr'> </span> 
     </span>
    </p>
   </div>
  </div>
 </body>
</html>
