3058 4908
481 345 697 398 pascuario
716 346 1019 408 uncina-oozam.
1213 337 1277 404 251

196 497 360 584 ,chantis
386 521 563 594 responso
588 497 692 571 facile
716 497 916 572 delabimur
932 497 971 569 in
994 497 1273 572 controversiam

218 614 328 689 istam
345 617 384 689 in
402 639 474 712 qua
490 622 666 712 tanquam
691 615 730 686 in
748 615 892 688 cardine
910 623 1031 688 totum
1047 614 1181 688 Poema
1198 640 1276 688 ver·

219 738 345 818 satum
374 732 420 805 de
438 755 510 828 qua
536 731 693 804 sufficiat
718 740 855 818 notare,
873 755 948 804 non
964 737 1043 805 tam
1059 730 1097 803 in
1113 756 1152 804 re
1175 756 1275 805 enar-

219 849 334 922 randa
351 873 462 945 quam
479 848 518 920 in
535 847 701 946 personis
727 853 764 920 et
789 871 914 920 earum
937 848 1127 952 affectibus
1146 847 1276 922 descri-

220 964 347 1038 bendis
374 989 523 1062 operam
557 987 691 1060 ponere
723 963 951 1049 Homerum;
987 965 1065 1038 haec
1095 965 1192 1038 enim
1221 972 1277 1039 est

220 1096 282 1168 illa
299 1085 463 1189 ἁμαρτία
478 1075 628 1187 μεγάλη
648 1119 727 1190 quae
746 1100 784 1167 et
807 1093 993 1166 materiem
1016 1093 1183 1168 carminis
1201 1095 1276 1168 suf·

220 1212 310 1299 ficit,
329 1217 367 1283 et
382 1211 723 1306 postona-exemplo
741 1235 819 1284 esse
836 1211 953 1307 possit
963 1208 984 1284 ¹.
1036 1211 1197 1284 Achilles
1214 1211 1276 1300 de·
1372 1207 1381 1228 ”

221 1353 325 1402 mum
353 1329 406 1400 ira
432 1333 543 1421 atque
569 1328 661 1401 odiis
688 1329 858 1401 incensus
883 1328 927 1400 ab
953 1328 1028 1400 acie
1055 1311 1094 1402 et·
1117 1330 1212 1402 bello
1238 1353 1276 1403 se

222 1445 403 1532 subducit,
423 1451 460 1517 et
478 1444 640 1517 Briseida
665 1469 769 1518 suam
795 1469 869 1518 non
892 1443 969 1517 sine
987 1430 1159 1518 Deorum
1173 1470 1276 1520 sanc·

223 1564 363 1638 tissima
380 1560 622 1635 obtestatione
649 1562 687 1633 in
704 1561 850 1658 superbi
868 1561 1100 1657 Imperatoris
1126 1564 1275 1637 arbitra-

222 1685 304 1755 tum
322 1679 442 1754 tradit.
495 1678 592 1752 Hinc
608 1688 729 1752 autem
747 1679 793 1751 ad
810 1678 910 1751 illam
926 1701 1001 1752 suae
1019 1680 1135 1752 aetatis
1153 1704 1276 1776 super·

223 1797 421 1884 stitionem,
448 1796 583 1894 quain
609 1777 775 1868 omnibus
805 1788 912 1869 reb'us
939 1794 1097 1869 numinis
1123 1798 1275 1894 alicujus

222 1913 452 2013 praesentiam
469 1905 723 2010 agnoscebant,
739 1935 778 1984 se
795 1910 936 1985 confert
951 1911 1145 1987 Homerus.
1190 1915 1288 2009 Ma,

222 2038 317 2104 trem
336 2027 492 2103 Thetide
517 2054 562 2103 ex
588 2028 776 2126 profundis
800 2029 909 2102 maris
935 2027 1069 2102 excitat
1085 2031 1273 2122 Achillem

222 2147 286 2220 illa
302 2171 513 2242 supremum
531 2145 653 2220 Deum
670 2145 695 2219 J
696 2169 802 2218 ovem
821 2145 859 2218 in
877 2156 997 2242 partes
1017 2171 1102 2222 suas
1120 2153 1276 2248 supplex

223 2263 349 2348 trahit,
365 2247 474 2334 ‘unde
502 2256 664 2358 sequitur
695 2260 921 2336 sanctissima
948 2263 1010 2336 illa
1036 2290 1109 2338 vox
1137 2291 1209 2364 qua
1237 2265 1276 2340 in

224 2380 401 2454 honorem
419 2378 572 2452 Achillis
590 2378 773 2475 affligendi
790 2389 876 2452 sunt
896 2378 1013 2453 Graeci
1026 2413 1089 2456 :—

469 2553 512 2562 -
525 2523 555 2579 οὗ
568 2525 620 2596 γὰρ
633 2523 694 2591 ἐμόν
706 2525 904 2596 παλινάγρετον,
918 2521 973 2579 οὐδ’
988 2525 1122 2593 ἀπατηλόν

384 2617 448 2674 Οὐδ’
463 2617 641 2688 ἀτελεύτητον,
657 2619 710 2674 ὅτι
723 2641 767 2674 κεν
780 2619 882 2690 κεφαλῇ
896 2617 1044 2678 κατανεύσω
1052 2625 1074 2690 ⁸,

224 2747 382 2821 solennis
399 2755 562 2819 venturae
588 2744 717 2840 stragis
739 2744 980 2818 denunciatio.
1033 2743 1135 2819 Alios
1154 2755 1276 2819 autem

224 2865 322 2938 Deos
357 2889 443 2970 cum
478 2862 612 2936 Graecis
647 2867 742 2936 stare
776 2861 909 2938 ibidem
944 2861 1109 2968 designat
1139 2862 1274 2950 Poeta;

226 2980 465 3080 nequeenim
494 2980 637 3054 beilcm
663 3004 741 3053 esse
774 2985 918 3075 oportet
942 2979 1180 3079 Trojanorum
1205 2979 1277 3053 vic-

226 3101 379 3173 toriam:
417 3111 545 3170 caetera
574 3098 714 3170 minora
747 3107 834 3170 sunt
868 3121 949 3194 quae
976 3097 1134 3192 spatium
1168 3107 1276 3195 atque

225 3225 373 3310 tempus
402 3214 620 3310 compleant,
649 3221 735 3286 sunt
764 3219 888 3285 autem
915 3237 997 3310 quaa
1023 3213 1069 3286 ad
1097 3237 1277 3287 summam

226 3331 278 3404 rei
295 3338 472 3426 spectant,
492 3331 597 3426 quale
615 3335 671 3402 est
689 3329 779 3402 illud
798 3330 843 3402 de
860 3329 1002 3402 Achille
1015 3361 1078 3404 :—

464 3511 504 3520 —
512 3480 646 3580 γτοθὲεσκε
659 3479 682 3536 δ’
697 3478 778 3552 ἀϋτήν
790 3502 819 3536 τε
832 3457 964 3551 πτόλεμόν
976 3502 1005 3535 τε
1013 3476 1037 3536 ¹².

225 3608 313 3682 Huc
339 3631 454 3704 usque
480 3608 519 3679 in
541 3610 597 3679 λ’110
616 3606 725 3680 Libro
754 3631 813 3680 res
840 3608 995 3680 deducta
1025 3615 1091 3692 est,
1119 3606 1165 3678 ad
1192 3629 1278 3678 eum

226 3736 364 3798 statum
382 3725 444 3821 qui
462 3725 628 3797 videatur
645 3748 858 3818 magnarum
881 3749 1005 3797 rerum
1022 3723 1167 3797 initium
1186 3745 1277 3809 esse,

226 3843 347 3914 adhuc
361 3865 448 3915 vero
473 3841 512 3913 in
533 3841 613 3937 ipso
634 3839 786 3913 introitu
804 3865 871 3912 suo
890 3841 1024 3914 haerere
1047 3847 1084 3912 et
1109 3838 1276 3934 pendere,

226 3960 272 4032 ad
290 3983 375 4031 eum
392 3969 488 4031 certe
505 3981 614 4055 quem
638 3957 764 4030 statim
781 3956 861 4053 quis
887 3957 1108 4054 pronuntiet,
1130 3962 1172 4027 ut
1192 3953 1278 4029 His·

227 4087 332 4161 torici
348 4087 466 4160 verbis
484 4093 576 4173 utar,
597 4073 717 4182 ἀρχὴν
738 4083 859 4159 κακῶν
877 4074 1053 4180 μεγάλων
1065 4068 1249 4176 Ἕλλησι.

276 4203 316 4276 L.
337 4208 372 4278 2.
400 4204 519 4278 Facile
544 4206 666 4302 itaque
690 4205 729 4277 in
756 4205 916 4277 secundo
934 4203 1041 4278 Libro
1068 4193 1280 4276 inchoatum

264 4368 361 4430 'Vid
378 4369 470 4430 Pral.
492 4389 535 4445 ¹4·
677 4379 690 4414 ⁸
710 4371 754 4429 Il.
772 4383 801 4430 Α.
820 4369 887 4446 5²⁶·
1042 4369 1054 4402 ¹³
1075 4365 1153 4428 Ibid.
1168 4385 1238 4446 492.
