3096 4886
290 279 332 346 12
495 297 711 350 rfflrnorro
732 297 851 347 amns
876 299 1135 350 innocontiam

289 473 381 540 esse,
406 472 523 547 neque
547 472 617 522 nos
639 448 684 522 de
708 445 885 537 Homero,
909 445 1078 535 Pindaro,
1103 451 1140 522 et
1163 447 1346 530 veteribus

288 567 446 662 'lhagicis
474 565 583 638 nimis
612 563 767 661 gloriose
796 562 912 638 efferri
939 563 1135 660 putabunt,
1162 563 1193 638 si
1219 589 1347 640 eorum

288 681 484 778 scriptaad
501 703 629 754 sanam
646 685 807 752 mentem
827 684 865 751 et
875 678 1056 774 judicium
1076 679 1245 754 limatum
1261 682 1346 778 plus

289 798 452 872 conferre
477 797 637 872 dicamus
667 819 778 894 quam
804 795 1011 870 Historioos
1040 806 1078 872 et
1103 796 1346 895 Philosophus

288 917 364 990 iere
397 939 536 990 omnes.
587 914 766 1012 Equidem
798 937 884 987 curn
916 913 995 988 haec
1026 937 1171 990 mecum
1204 926 1345 1014 reputo,

284 1057 537 1132 saepenumero
553 1031 675 1106 mirari
692 1031 822 1105 solitus
838 1055 933 1118 sum,
950 1031 1048 1104 unde
1064 1031 1203 1106 factum
1220 1039 1288 1122 est,
1301 1040 1347 1108 ut

288 1150 508 1224 omnes‘fere
524 1151 662 1247 speeies
679 1171 828 1245 poeseos
856 1147 971 1222 Gmei
993 1146 1103 1245 primi
1125 1148 1343 1240 invenerint,

289 1273 330 1342 et
362 1267 471 1342 iidem
506 1291 655 1366 prorsus
688 1265 930 1340 absolverint:
967 1264 1187 1340 recentiores
1221 1273 1346 1342 autem

290 1383 350 1458 vir
375 1386 489 1459 ullam
515 1386 560 1459 de
586 1408 683 1458 novo
713 1382 871 1480 speciem
904 1381 1201 1478 excogitaverint,
1228 1407 1346 1482 neque

290 1500 329 1574 in
347 1501 416 1574 illis
434 1525 524 1600 quas
541 1525 563 1574 a
578 1499 761 1574 veteribus
781 1499 934 1572 traditas
957 1498 1106 1587 habent,
1125 1523 1249 1572 eorum
1264 1523 1346 1574 ves-

291 1617 380 1713 tigis
407 1617 483 1692 sine
510 1642 643 1714 magno
678 1639 745 1690 suo
772 1615 934 1713 periculo
963 1615 1044 1689 ausi
1068 1614 1142 1689 sint
1169 1615 1343 1690 deserere.

291 1733 353 1808 Ad
367 1732 517 1808 Homeri
533 1757 698 1808 normam
710 1732 822 1829 Epioe
837 1731 957 1829 poesis
969 1732 1043 1806 fere
1059 1732 1178 1806 omnis
1195 1756 1346 1830 compo-

291 1853 404 1942 nitur,
423 1852 469 1926 ad
487 1850 677 1948 Sophoclis
694 1857 732 1924 et
751 1849 937 1946 Euripidis
954 1849 1028 1923 fere
1044 1849 1163 1923 omnis
1179 1849 1344 1947 Tragisa.

292 1969 404 2044 Pauci
428 1977 553 2044 tamen
579 1976 666 2042 sunt
691 1969 754 2064 qui
779 1967 825 2040 ad
850 1990 917 2040 nos
944 1967 1077 2064 integri
1102 1977 1347 2062 pervenerunt

292 2086 495 2184 scriptores.
532 2085 630 2164 Quid
643 2090 768 2159 sutem
784 2084 829 2158 de
846 2082 917 2156 illis
930 2083 1161 2157 sentiendum
1174 2094 1242 2172 est,
1254 2107 1345 2182 quo·

290 2227 375 2278 rum
400 2201 585 2301 elegantiis
611 2226 657 2275 ne
682 2201 906 2274 oblectemur
927 2198 1059 2273 invidit
1083 2206 1201 2273 aetas?
1246 2198 1348 2285 Quid

292 2322 338 2396 de
362 2321 424 2395 illa
454 2319 624 2419 Sapphus
653 2328 691 2391 et
716 2316 830 2390 Alcaei
855 2315 958 2412 Lyra,
984 2317 1029 2388 dc
1055 2338 1165 2389 scena
1188 2315 1347 2389 Menan·

292 2439 426 2527 dnana,
438 2447 475 2512 et
486 2447 540 2511 tot
559 2434 685 2510 mediae
701 2457 743 2508 ac
760 2457 864 2507 novae
878 2430 1076 2506 Comoedias
1093 2431 1344 2530 scriptoribus,

293 2579 449 2655 quorum
466 2553 636 2628 eximiam
654 2561 885 2625 venustatem
902 2551 1111 2646 conjectura
1126 2556 1273 2625 tantum
1289 2575 1348 2625 as·

292 2672 395 2770 sequi
416 2669 752 2769 possumus—adeo
787 2673 829 2742 ut
863 2668 908 2741 de
938 2667 1108 2742 universa
1135 2666 1346 2743 Graecorum

291 2787 392 2885 poesi
408 2787 499 2862 illud
515 2785 658 2859 Phaedri
674 2808 749 2858 non
766 2782 899 2880 injuria
914 2805 1132 2880 usurpemus

614 2929 634 2958 ‘¹
649 2925 676 2984 Ο
691 2921 808 3002 qualem
823 2927 856 2983 to
870 2921 967 2982 dicam

450 3021 590 3082 Antehac
603 3020 705 3096 luisse,
718 3019 796 3080 tales
809 3039 877 3080 cum
891 3019 953 3080 sint
965 3017 1127 3098 reliquim”

341 3145 456 3220 Iidem
485 3155 610 3218 autem
636 3141 760 3239 quiin
784 3166 823 3215 re
847 3143 990 3239 poetica
1012 3148 1158 3216 tantum
1183 3141 1346 3240 profece-

290 3270 389 3351 runt,
407 3264 446 3337 in
464 3267 541 3336 arte
559 3259 696 3334 Critica
713 3257 817 3332 facile
833 3257 1016 3357 principes
1038 3264 1137 3333 sunt.
1191 3259 1347 3333 Romani

291 3382 385 3455 hanc
401 3405 477 3453 rem
488 3402 594 3476 parce
604 3375 814 3473 attigerunt.
849 3375 1033 3451 Neoterioi
1051 3375 1212 3473 plerique
1224 3375 1347 3451 minus

290 3508 470 3586 accurate,
489 3501 527 3570 et
544 3518 645 3568 more
669 3494 949 3578 declamatorio;
978 3495 1083 3592 cujus
1105 3499 1228 3568 tamen
1245 3493 1345 3591 prin-

289 3615 384 3712 cipia
413 3639 458 3688 ex
487 3609 616 3686 intima
642 3609 874 3708 philosophia
906 3610 1065 3706 petenda
1092 3633 1172 3683 esse
1204 3609 1347 3684 censuit

290 3733 406 3806 Plato.
458 3728 649 3803 Aristoteli
678 3726 788 3800 etiam
822 3725 921 3800 laudi
954 3725 1114 3800 dandum
1149 3727 1345 3823 estquod

289 3848 384 3922 inter
400 3871 510 3944 opera
526 3846 604 3943 ejus
622 3841 875 3944 philosophica
891 3841 1031 3940 optimo
1042 3843 1126 3940 jure
1142 3843 1265 3918 locum
1281 3845 1346 3918 ha-

290 3967 378 4039 bent
412 3972 485 4037 tam
519 3986 562 4035 ea
596 3987 678 4060 quse
704 3961 750 4035 ad
780 3960 1012 4034 Rhetoricam
1045 3983 1156 4058 quam
1185 3983 1267 4056 quae
1300 3960 1347 4032 ad

289 4078 472 4153 Poeticam
489 4083 666 4174 spectant.
718 4075 856 4149 Eadem
871 4075 1046 4150 methodo
1059 4099 1102 4148 ac
1118 4074 1179 4148 via
1194 4073 1346 4171 poeticae

290 4193 503 4269 imitationis
527 4191 702 4290 principia
726 4197 765 4265 et
790 4193 969 4267 elementa
993 4193 1089 4266 eruit
1114 4213 1187 4287 qua
1209 4201 1347 4264 caeterae

292 4310 541 4410 philosophiae,
568 4316 606 4383 et
627 4318 809 4406 praecepta
838 4309 925 4384 artis
959 4331 1034 4382 suae
1063 4333 1106 4383 ex
1136 4305 1282 4382 llthioes
1309 4313 1347 4380 et
