3058 4902
332 347 334 355 ·
430 343 644 392 ramnncrro
671 343 983 394 mosoma-raram.
1174 334 1238 398 353

177 494 305 592 judicii
323 491 486 567 celeritas
503 498 538 566 et
556 515 723 566 acumen.
771 492 821 565 Hi
838 494 961 590 itaque
979 492 1143 590 personis
1161 495 1237 570 suis

181 611 268 686 satis
295 613 389 684 inter
406 635 444 683 se
462 610 755 706 distinguuntur:
785 617 930 706 postera
947 621 1034 684 aetas
1052 612 1235 707 experien-

182 727 241 800 tioe
264 737 300 802 et
323 727 514 823 sagacitati
536 725 775 824 multiplicem
799 725 973 800 astutiam
995 734 1033 800 et
1057 727 1234 802 vafritiem

181 844 334 916 addidit.
380 841 474 926 Quae
498 849 621 916 tamen
640 845 764 916 omnia
787 845 817 916 si
839 844 984 939 penitus
1006 845 1239 918 excutiantur

181 962 285 1034 sacile
303 961 484 1034 minorum
501 961 784 1034 differentiarum
804 961 842 1034 in
856 964 936 1036 loco
955 963 1119 1036 habenda
1136 971 1236 1037 sunt.

181 1077 323 1173 Ulyssis
356 1077 394 1150 in
424 1079 588 1151 tumultu
622 1079 790 1175 populari
819 1080 1085 1176 compescendo
1115 1080 1153 1152 in
1183 1077 1236 1152 2⁴⁰

182 1194 315 1268 Iliados
350 1195 441 1267 libro
476 1193 667 1268 consilium
702 1202 740 1268 et
773 1196 974 1270 authoritas
1009 1221 1051 1269 ea
1084 1222 1165 1293 quae
1199 1196 1236 1270 in

184 1311 310 1386 Graeca
330 1322 368 1384 et
386 1311 552 1385 Romana
576 1312 727 1384 historia
749 1312 857 1386 toties
883 1320 1059 1409 usurpata
1081 1312 1235 1408 legimus

183 1429 220 1500 in
239 1453 277 1501 se
294 1429 466 1502 continet.
509 1428 580 1501 Pro
599 1430 678 1501 loco
696 1435 733 1501 et
750 1435 927 1525 tempore,
948 1453 1013 1525 pro
1033 1427 1182 1502 Graeciae
1200 1439 1238 1502 et

183 1545 308 1619 Romae
322 1545 471 1620 diversis
485 1546 657 1631 moribus,
670 1547 738 1617 erit
751 1548 850 1642 quod
868 1547 1017 1618 modum
1032 1555 1068 1618 et
1081 1547 1235 1620 sormam

181 1664 312 1738 attinet
340 1662 477 1760 aliquid
503 1661 775 1758 discrepantiae;
807 1665 869 1736 sed
897 1688 1042 1736 summa
1069 1662 1121 1736 rei
1143 1665 1236 1738 ratio

181 1781 250 1852 sibi
280 1775 319 1853 et
348 1779 552 1853 Homericae
586 1779 820 1875 descriptioni
855 1787 1010 1852 constat.
1063 1779 1157 1854 Vide
1188 1781 1237 1854 sis

182 1922 292 1993 quam
325 1921 439 1994 prope
473 1895 673 1990 Virgiliana
709 1897 772 1967 illa
808 1896 853 1967 ab
889 1897 1053 1969 Romana
1087 1897 1238 1971 historia

181 2025 277 2087 certe
295 2014 450 2087 deducta
468 2013 639 2112 Ulyssem
657 2011 892 2086 Homericum
911 2013 1097 2132 attingunt
1110 2047 1172 2089 :-

226 2165 245 2194 “
256 2163 298 2220 Ac
312 2160 403 2220 relati
415 2179 523 2239 magno
537 2159 569 2220 in
584 2159 694 2240 populo
709 2179 801 2239 quum
816 2178 896 2238 saepe
910 2167 1012 2220 coorta
1025 2165 1073 2220 est

255 2255 377 2324 seditio,
391 2257 533 2336 saevitque
547 2255 653 2316 animis
667 2255 798 2335 ignobile
812 2254 930 2330 vulgus,

255 2353 383 2432 Jamque
397 2354 475 2412 faces
489 2361 520 2412 et
534 2371 603 2410 saxa
617 2351 739 2411 volant:
764 2352 846 2410 luror
859 2371 941 2410 arma
954 2350 1126 2424 ministrat3

255 2449 328 2507 Turn
345 2450 457 2528 pietate
471 2469 589 2528 gravem
605 2454 636 2507 et
651 2447 765 2508 maritis
779 2447 806 2506 si
820 2449 897 2507 forte
911 2447 1005 2506 virum
1019 2467 1106 2526 quarn

255 2545 443 2624 Conspexere
458 2547 557 2615 silent,
572 2545 752 2623 arrectisque
767 2542 889 2603 auribus
904 2548 1025 2602 astant:

254 2641 311 2701 Ille
327 2643 403 2720 regit
419 2641 504 2702 dictis
518 2643 633 2702 animos
647 2649 678 2701 et
695 2647 814 2719 pectora
831 2639 993 2700 mulcetll’

234 2795 470 2892 Cognationis
497 2797 591 2869 inter
618 2802 757 2892 patrem
784 2793 969 2882 etlilium,
997 2793 1169 2868 maritum
1198 2803 1235 2870 et

181 2914 384 3010 conjugem,
417 2915 556 3002 fratres,
583 2924 802 3009 caeterosque
828 2913 951 2986 affines
977 2911 1094 2985 officia
1119 2911 1156 2985 in
1183 2914 1235 2987 di·

180 3032 294 3102 versis
329 3031 551 3126 temporibus
582 3055 623 3103 ac
658 3030 863 3125 regionibus
895 3028 1028 3126 dispari
1058 3031 1166 3104 modo
1198 3055 1236 3104 se

182 3158 358 3234 exerunt;
387 3148 448 3221 sed
472 3148 516 3219 ab
536 3147 605 3220 illis
623 3172 704 3244 quae
721 3147 759 3219 in
778 3145 941 3242 Odyssea
957 3152 1033 3220 tam
1051 3148 1157 3244 plene
1175 3148 1236 3221 ‹le-

181 3265 363 3336 clarantnr
380 3263 564 3359 principiis
591 3265 756 3336 aberrare
780 3288 855 3336 non
878 3269 1033 3360 possunt
1056 3287 1173 3359 neque
1191 3287 1236 3336 ex

181 3381 260 3453 aliis
286 3380 396 3454 animi
423 3381 611 3453 affectibus
639 3380 779 3453 exoriri.
834 3380 960 3453 Potest
985 3380 1092 3453 variis
1119 3380 1235 3454 modis

181 3523 307 3570 servus
328 3498 364 3570 in
392 3497 528 3570 domini
553 3499 610 3570 sni
634 3522 743 3570 usum
766 3523 914 3595 operam
939 3521 1085 3594 ponere,
1106 3499 1169 3570 sed
1190 3523 1235 3571 ex

182 3613 368 3687 Homerici
395 3614 537 3688 subulci
554 3615 638 3701 lide,
658 3613 843 3712 diligentia
866 3625 901 3688 et
926 3638 1047 3686 amore
1065 3638 1149 3708 erga
1175 3613 1235 3685 lre-

179 3756 263 3803 rum
281 3731 414 3828 pendet
430 3739 509 3804 tota
532 3757 682 3828 operum
710 3755 856 3804 suorum
880 3739 977 3803 recte
995 3729 1234 3802 instituendo-

180 3873 264 3921 rum
290 3849 392 3922 ratio.
445 3849 554 3923 Hanc
579 3849 690 3945 igitur
713 3873 835 3922 veram
863 3847 1130 3944 simplicitatem
1155 3847 1236 3920 dico

179 3989 260 4062 qnae
281 3973 472 4062 magnast
495 3965 704 4040 communia
730 3967 995 4062 complectatur
1019 3965 1168 4037 semotis
1191 3964 1235 4038 iis

180 4107 262 4179 quae
290 4083 430 4156 minora
460 4091 544 4157 sunt
574 4094 610 4156 et
645 4082 843 4170 mutabilia,
874 4107 955 4179 quae
985 4081 1123 4178 majora
1151 4081 1236 4154 vitae

179 4201 298 4274 officia
319 4202 487 4275 exhibeat
516 4202 613 4274 nuda
631 4199 900 4297 quodammodo
926 4207 963 4272 et
989 4198 1135 4272 adscitis
1162 4198 1236 4272 suis

575 4371 589 4412 ¹¹
610 4373 694 4444 AEa.‚
711 4374 729 4432 l.
745 4374 765 4432 i.
785 4378 849 4450 148.

677 4499 700 4544 Α
720 4500 741 4546 a
