3096 4886
538 301 752 358 Postremo
776 301 918 352 πανοπε.
1216 280 1257 346 41

203 476 309 544 terna
333 467 502 542 nobilitas
527 469 585 541 vel
611 491 677 540 sua
701 464 819 540 virtus
843 466 902 538 vel
928 465 1038 539 etiarn
1067 470 1153 540 aetas
1178 491 1263 563 pro·

204 586 351 663 vectior.
405 585 516 659 Unde
533 584 743 659 Homerusl
757 614 818 656 :—

363 723 449 791 Βονλὴ
464 723 492 778 δέ
505 726 609 796 πρῶτον
621 718 777 796 μεγαθύμων
792 715 829 788 itt
841 721 981 792 γερόντιον.

206 847 344 943 Regem
377 853 502 922 autem
535 854 613 922 tam
647 870 761 944 prope
793 844 1024 940 attingebant
1059 849 1103 918 ut
1135 845 1264 919 eodem

205 963 353 1038 nomine
379 988 442 1038 eos
471 964 645 1038 Alcinous
672 962 843 1059 appellet,
872 968 910 1035 et
942 961 1012 1058 ipsi
1045 960 1136 1034 nihil
1165 962 1264 1036 aliud

207 1105 318 1178 quam
336 1080 581 1180 principatum
602 1081 697 1153 inter
713 1103 818 1176 pares
844 1077 1024 1165 tribuat¹3
1052 1103 1164 1176 penes
1182 1081 1264 1157 illos

207 1205 284 1270 erat
309 1198 354 1271 de
380 1198 532 1272 summis
555 1199 664 1271 rebus
684 1195 902 1269 deliberandi
926 1201 962 1268 et
983 1195 1165 1270 statuendi
1186 1197 1260 1292 jus,

206 1323 282 1386 tarn
308 1313 351 1388 iis
368 1339 449 1410 quae
475 1315 522 1390 ad
545 1314 684 1387 ballum
707 1317 888 1410 spectant,
908 1336 1018 1408 quam
1043 1337 1123 1410 quae
1149 1311 1263 1387 civilis

205 1431 340 1526 negotii
371 1442 469 1504 eunt.
524 1429 696 1503 Eundem
729 1429 804 1504 sere
839 1430 962 1502 locum
996 1428 1036 1501 in
1065 1428 1264 1525 Republica

207 1548 399 1635 habebant,
425 1573 534 1645 quem
557 1547 595 1620 in
620 1545 787 1620 Romana
815 1545 953 1634 Patres,
982 1546 1021 1618 in
1046 1546 1263 1621 Atheniensi

209 1662 363 1738 Senatus
381 1666 676 1763 quingentorum,
696 1665 734 1737 in
754 1662 933 1760 Spartana
960 1661 1152 1736 Saniorum
1174 1688 1262 1737 con-

206 1780 354 1867 cilium;
392 1805 477 1854 eum
506 1792 630 1855 autern
664 1803 739 1852 non
768 1786 846 1852 tarn
875 1779 1015 1876 legibus
1045 1805 1156 1877 quarn
1186 1805 1261 1854 suae

206 1898 407 1994 prudentiae
423 1907 460 1971 et
477 1897 656 1972 nobilitati
676 1897 814 1971 datum.
867 1895 928 1984 Et,
947 1905 989 1972 ut
1007 1895 1097 1970 mihi
1114 1897 1263 1993 quidem

205 2014 361 2104 videtur,
386 2014 526 2112 inipso
552 2015 616 2088 illo
642 2015 740 2112 apud
763 2013 949 2087 Romanos
975 2013 1170 2087 venerabili
1197 2014 1262 2088 Pa-

204 2136 305 2205 trum
332 2155 505 2205 consessu
534 2155 652 2230 neque
679 2130 795 2227 major
824 2129 980 2226 dignitas
1014 2155 1093 2204 esse
1127 2132 1260 2227 potuit,

206 2273 324 2346 neque
350 2249 466 2346 magis
499 2273 625 2323 severa
651 2255 690 2322 et
717 2258 888 2324 accurata
916 2249 1136 2323 deliberandi
1169 2249 1263 2323 ratio

206 2390 316 2462 quarn
334 2390 376 2438 ea
393 2390 504 2463 quam
520 2366 629 2438 refert
647 2365 830 2439 Homerus
854 2388 937 2437 curn
961 2366 1046 2440 alibi
1070 2377 1150 2439 tum
1168 2390 1261 2465 prae-

206 2479 332 2554 sertim
361 2480 400 2554 in
431 2482 591 2554 seeundo
619 2488 656 2554 et
690 2504 787 2553 nono
822 2479 955 2553 Iliados
989 2480 1111 2569 libris;
1143 2506 1261 2580 neque

206 2594 399 2692 quisquam
424 2619 552 2668 eorum
579 2595 745 2668 omnium
765 2595 824 2666 vel
848 2619 970 2666 rerum
994 2595 1187 2691 prudentia
1203 2597 1262 2668 vel

204 2735 369 2810 personae
395 2711 573 2808 gravitate
598 2711 796 2784 Homerico
814 2709 963 2783 Nestori
986 2712 1262 2806 anteponendus

204 2839 272 2903 est.
324 2829 503 2925 Exemplo
525 2826 583 2915 sit,
609 2829 671 2901 illa
694 2827 808 2901 oratio
831 2826 869 2899 in
894 2826 1026 2900 Iliados
1049 2827 1141 2900 libro
1165 2853 1263 2902 nono

206 2969 277 3043 qua
295 2969 417 3041 regern
436 2955 473 3018 et
491 2944 621 3017 ducem
645 2969 754 3018 suurn
780 2945 944 3017 modeste
966 2950 1005 3016 et
1026 2942 1195 3017 decenter
1211 2947 1262 3019 al·

205 3062 381 3160 loquitur,
401 3062 464 3134 sed
480 3067 607 3134 tamen
624 3061 745 3135 libere.
799 3061 913 3134 Iidem
931 3059 1080 3158 insuper
1097 3087 1263 3159 proceres

204 3180 244 3254 in
270 3178 420 3278 privatis
445 3179 580 3252 civium
607 3179 863 3252 controversiis
885 3178 1062 3252 Judicum
1086 3179 1164 3254 vioe
1181 3181 1263 3254 fun·

206 3298 395 3395 gebantur‚
415 3320 461 3369 ex
477 3295 547 3370 hau
569 3295 678 3369 etiam
695 3305 797 3392 parte
819 3296 927 3393 regiae
949 3297 1139 3393 potestatis
1162 3297 1263 3395 adju·

205 3423 304 3489 tores
329 3423 366 3487 et
391 3415 488 3488 socii.
541 3415 671 3511 Itaque
693 3414 780 3488 huie
806 3415 915 3487 etiarn
941 3413 993 3487 rei
1017 3417 1170 3490 eandem
1190 3417 1264 3490 sere

206 3533 420 3630 dignitatem
439 3542 476 3605 et
493 3531 753 3605 authoritatem
770 3532 991 3604 attulerunt·
1002 3563 1065 3605 :-

364 3687 429 3742 nant
442 3684 465 3741 δ’
479 3687 518 3743 dv
530 3687 612 3758 ἀγορῇ
627 3685 691 3740 έσαν
705 3683 803 3758 ἀθρόοι·
824 3685 884 3741 ἔνθα
898 3685 926 3739 δέ
940 3687 1022 3742 νεῖκοι

363 3781 482 3856 Ὦρένρει·
504 3781 550 3838 tto
564 3781 589 3839 δ’
604 3783 694 3857 ἄνδρες
708 3782 819 3837 ἐνείκεον
831 3781 914 3838 εἵνεκα
926 3784 1016 3851 ποινῆς

366 3875 474 3950 ’Δνθρός
487 3878 676 3950 ἀποφθιμένου·
698 3880 713 3932 d
726 3879 774 3948 μέν
787 3881 879 3948 εὔχετο
891 3873 966 3934 πάντ’
981 3877 1122 3932 ἀποδοῦναι

364 3973 445 4048 hipp
459 3971 625 4046 πιφαύσκων·
646 3977 661 4030 θ
675 3972 699 4029 δ’
715 3974 832 4029 ἀναίνετο
845 3973 925 4043 μηδέν
937 3973 1053 4030 έλέσθσι·

361 4069 462 4143 ’Δμφα
477 4067 501 4126 d’
517 4071 608 4141 έέσθην
620 4072 663 4128 dul
676 4068 762 4144 ἴστορι
775 4071 868 4143 πεῖραρ
881 4067 999 4124 ἑλέσθαι.

367 4167 434 4223 Aeol
447 4166 470 4223 δ’
484 4166 675 4242 ἀμφοτέροισιν
689 4168 811 4240 ε’πῆπυον,
825 4166 909 4240 ἀμφὶς
921 4165 1027 4242 ripn-jol·

285 4299 355 4362 ³11.
372 4315 402 4362 B.
418 4324 459 4376 53.
622 4302 705 4366 ¹Od.
721 4315 752 4363 Θ.
768 4327 826 4380 ³90·
995 4298 1066 4359 'IL
1082 4311 1182 4376 2497.
