3094 4898
544 300 927 396 ramrrorrooorryr,
1204 320 1267 386 137

209 504 266 553 res
302 477 519 566 statuariam,
548 503 664 575 neque
693 481 802 574 vulgo
837 480 883 551 ad
917 477 1050 575 effigies
1078 479 1268 553 bominum

207 607 293 669 ante
310 621 394 670 eum
412 595 565 669 transiit.
621 594 900 692 Olympicorum
923 595 1103 669 victorum
1126 603 1266 671 statuas

209 713 320 788 dicari
347 713 469 786 solitas
495 737 573 786 csse
599 713 709 786 refert
729 713 881 800 Plinius,
902 739 986 786 mox
1012 715 1160 810 subjicit
1185 740 1268 811 per-

212 827 323 925 quam
358 831 490 904 illustri
520 830 720 902 sententia:
758 830 1033 912 “Athenienses
1069 832 1191 904 nescio
1221 857 1270 906 an

213 948 377 1023 omnium
389 947 497 1043 primi
512 947 713 1020 Harmodio
730 956 766 1019 et
780 947 1020 1042 Aristogitoni
1037 949 1270 1044 tyrannicidis

213 1065 358 1162 publice
374 1064 562 1159 posuerint
579 1070 718 1137 statuas
731 1066 785 1136 '¹.''
837 1064 938 1137 Idem
955 1070 1079 1137 tamen
1096 1065 1181 1137 alibi
1199 1077 1271 1140 tes-

213 1189 313 1254 tatus
339 1189 396 1253 est
420 1180 623 1278 Sicyonem,
642 1179 775 1276 Argos,
794 1180 962 1269 Cleonas,
981 1191 1018 1255 et
1036 1181 1272 1256 Ambraciam

214 1297 364 1394 Dipoeni
390 1299 560 1393 operibus
586 1297 736 1371 refertas
762 1321 840 1372 esse
851 1304 874 1369 ⁰.
926 1298 1179 1394 Athenagoras
1202 1298 1272 1372 bu-

210 1415 314 1512 jusce
340 1416 426 1487 artis
450 1415 624 1510 originem
649 1413 780 1487 diserte
804 1415 967 1510 exponit,
987 1419 1103 1487 totam
1130 1440 1207 1488 rem
1233 1426 1270 1489 et

215 1535 395 1630 picturam
426 1543 463 1606 et
497 1529 706 1605 statuariam
732 1530 897 1603 Homero
928 1530 1164 1605 recentiorem
1193 1555 1272 1606 esse

216 1649 279 1735 ait,
298 1649 455 1722 insulam
469 1659 592 1722 autem
611 1647 762 1735 Samon,
775 1647 1006 1734 Corinthum,
1022 1659 1059 1722 et
1077 1647 1271 1746 Sicyonem

216 1765 343 1864 primis
360 1766 608 1838 inventoribus
622 1765 828 1839 nobilitates
841 1789 942 1852 esse3
961 1766 1194 1839 inventorum
1207 1791 1273 1841 no·

217 1883 316 1955 mina
333 1884 437 1956 aliter
448 1884 546 1978 apud
563 1907 647 1955 eum
666 1907 774 1979 quam
792 1885 888 1980 apud
903 1896 1050 1958 caeteros
1064 1884 1270 1959 traduntur.

216 2000 450 2073 Theodorum
479 2001 658 2097 quendam
689 2001 749 2073 sed
779 2000 965 2074 Milesium
996 2001 1122 2098 primis
1151 2001 1274 2099 proxi-

218 2143 321 2190 mum
352 2141 430 2190 esse
459 2120 531 2205 ait;
563 2118 715 2214 quaeda
745 2117 934 2191 Corinthia
964 2117 1101 2214 virgine
1130 2129 1167 2192 et
1196 2119 1274 2215 ejus

218 2245 322 2333 patre
339 2245 461 2308 narrat
482 2235 606 2307 eadem
631 2241 718 2306 sunt
737 2258 820 2307 cum
846 2235 915 2308 illis
933 2260 1014 2333 quae
1032 2237 1075 2309 de
1093 2234 1276 2308 Dibutade

220 2354 390 2451 Sicyonio
411 2363 448 2425 et
466 2352 543 2448 ejus
561 2351 635 2424 filia
652 2351 792 2426 Plinius
803 2359 829 2424 Ρ.
882 2353 918 2425 Α
935 2352 1095 2452 Dipoeno
1112 2351 1222 2449 igitur
1239 2360 1277 2426 et

221 2469 379 2568 Scyllide
392 2471 500 2566 longo
515 2467 639 2541 ordine
652 2479 689 2541 et
709 2476 881 2566 perpetua
898 2471 987 2542 serie
1005 2470 1277 2566 subsequuntur

221 2587 402 2689 artificum
419 2587 566 2659 nomina
578 2617 587 2672 ;
615 2587 710 2659 inter
730 2611 791 2659 eos
811 2597 848 2659 et
869 2585 1060 2660 Daedalum
1087 2611 1133 2660 ne
1159 2611 1276 2660 unum

222 2705 370 2800 quidem
388 2704 570 2776 memoriae
589 2703 774 2800 proditum
789 2703 947 2776 invenio.
999 2704 1137 2776 Totum
1153 2703 1278 2799 itaque

222 2827 479 2918 argumentum
504 2823 557 2893 ita
579 2845 618 2892 se
643 2819 772 2892 babere
798 2831 932 2894 statuo.
985 2821 1147 2893 Deorum
1165 2819 1277 2915 signis
1311 2883 1316 2892 .

222 2939 324 3012 nulla
349 2938 544 3035 antiquitas
570 2937 698 3024 caruit,
718 2937 781 3010 sed
806 2937 844 3009 in
867 2937 928 3010 illa
954 2937 1086 3011 artium
1111 2937 1277 3010 omnium

223 3069 374 3166 penuria
390 3072 447 3141 vel
464 3069 592 3140 rudem
609 3067 778 3164 lapidem,
795 3056 913 3161 ἔργον
927 3055 1047 3154 λίθον,
1063 3068 1120 3140 vel
1138 3066 1277 3141 arboris

225 3198 395 3260 truncum
422 3196 460 3258 et
484 3185 624 3280 lignum
649 3183 748 3258 omni
773 3183 891 3256 forma
915 3206 1040 3256 carens
1066 3185 1276 3259 adorabant.

225 3303 348 3377 Multa
364 3303 553 3399 utriusque
570 3302 711 3398 generis
728 3307 890 3374 recenset
902 3301 1111 3389 Pausaniae,
1126 3303 1217 3376 illud
1235 3304 1279 3375 de

225 3435 269 3507 iis
296 3457 486 3530 usurpans,
519 3417 675 3528 ἀρχαῖόν
707 3456 755 3517 τι,
790 3423 851 3500 καὶ
884 3423 928 3500 οὐ
959 3416 1033 3502 σὺν
1065 3415 1179 3527 τέχνῃ
1211 3457 1276 3503 πε-

225 3547 480 3655 ποιημένονῆῥ
521 3562 577 3636 De
595 3561 704 3659 priori
722 3584 851 3655 genere
869 3559 945 3632 haec
969 3561 1091 3647 babet,
1110 3548 1158 3631 τὰ
1173 3548 1211 3629 δὲ
1227 3550 1280 3630 ἔτι

267 3739 285 3762 “²
306 3730 388 3788 Plin.
404 3729 487 3788 Hitt.
503 3727 587 3798 Nat,
602 3727 622 3787 i.
635 3727 733 3786 xxxiv.
776 3729 809 3785 br
830 3727 996 3800 ἀφιδρύματα
1018 3732 1065 3782 τοῦ
1086 3731 1162 3783 θεοῦ·
1182 3727 1281 3798 γράφει

226 3831 252 3869 cv
267 3831 300 3878 4;
323 3809 342 3867 l.
358 3809 453 3867 xxxvi.
470 3827 496 3867 c.
512 3835 535 3880 5.
776 3808 801 3879 γ’
817 3806 862 3861 οὖν
875 3811 889 3861 ὁ
903 3809 948 3878 τὴν
962 3809 1094 3879 deponito
1108 3802 1229 3874 ποίησας,

266 3899 279 3922 ¹¹
301 3887 391 3958 lbid.‚
406 3888 425 3946 l.
442 3889 537 3947 xxxiv.
554 3907 579 3947 c.
595 3912 620 3957 4.
808 3898 932 3958 Καλλιθόη
953 3900 1097 3962 κλειδοῦχος
1116 3893 1280 3957 Ὀλυμπιάδος

271 3977 282 3999 ⁰
303 3967 370 4026 Ibid
385 4011 393 4033 ‚
408 3965 428 4024 l.
443 3968 539 4026 xxxvi.
556 3987 581 4026 c.
598 3996 623 4038 ⁴·
840 3965 969 4023 casanatae

268 4048 448 4126 rathenay.
462 4043 735 4126 Lepatproolria·
806 4029 1065 4143 '⁸p54'trr‘bat
1094 4028 1216 4088 “term
1241 4027 1280 4077 καὶ

232 4130 318 4194 tiam*
333 4147 361 4230 P*
379 4138 419 4231 ⁶·f'
435 4127 481 4232 θέλ
498 4130 593 4230 9ωῆ
619 4212 629 4226 ,
712 4210 718 4230 ,
811 4112 1284 4225 npdvoaziiipwmplalovapaaplv

271 4215 399 4283 ε*πρινγ
430 4233 475 4264 ουν
498 4210 672 4282 σκριβωθηναι
693 4232 738 4266 rur
845 4225 961 4284 ἀνάσσης,
974 4237 1048 4278 my„
1151 4257 1154 4264 .

232 4295 284 4344 τῶν
297 4285 453 4361 ἆγαλμότων
467 4290 584 4361 σχέσεις,
596 4292 681 4345 κίονας
696 4291 736 4342 io·
872 4291 945 4340 Clrm.
955 4294 1029 4343 Alere.
1039 4295 1141 4350 Strom„
1152 4291 1169 4341 l.
1182 4293 1198 4342 i.
1210 4307 1233 4340 c.
1243 4293 1284 4339 24.

232 4374 321 4427 reims
345 4371 369 4424 oi
390 4371 495 4426 παλαιοὶ
517 4371 613 4436 ἔσεβον
634 4366 739 4423 τούτους
782 4367 923 4429 Partim„
954 4358 972 4416 i.
1003 4360 1043 4418 iii.
1077 4381 1102 4422 c.
1142 4383 1189 4432 195
1224 4356 1281 4415 vid.
