<?xml version="1.0" encoding="UTF-8"?>
<!DOCTYPE html PUBLIC "-//W3C//DTD XHTML 1.0 Transitional//EN"
    "http://www.w3.org/TR/xhtml1/DTD/xhtml1-transitional.dtd">
<html xmlns="http://www.w3.org/1999/xhtml" xml:lang="en" lang="en">
 <head>
  <title>
</title>
<meta http-equiv="Content-Type" content="text/html;charset=utf-8" />
  <meta name='ocr-system' content='tesseract 3.04.00' />
  <meta name='ocr-capabilities' content='ocr_page ocr_carea ocr_par ocr_line ocrx_word'/>
</head>
<body>
  <div class='ocr_page' id='page_1' title='image "./prlectionesacad00randgoog_0355.png"; bbox 0 0 3058 4902; ppageno 0'>
   <div class='ocr_carea' id='block_1_1' title="bbox 510 259 1242 323">
    <p class='ocr_par' dir='ltr' id='par_1_1' title="bbox 510 259 1242 323">
     <span class='ocr_line' id='line_1_1' title="bbox 510 259 1242 323; baseline 0.012 -9"><span class='ocrx_word' id='word_1_1' title='bbox 510 266 728 316; x_wconf 68' lang='lat' dir='ltr'><strong>rfflrncrro</strong></span> <span class='ocrx_word' id='word_1_2' title='bbox 753 265 929 316; x_wconf 71' lang='lat' dir='ltr'><strong>mensim.</strong></span> <span class='ocrx_word' id='word_1_3' title='bbox 1178 259 1242 323; x_wconf 74' lang='grc'><strong>845</strong></span> 
     </span>
    </p>
   </div>
   <div class='ocr_carea' id='block_1_2' title="bbox 184 417 1242 1783">
    <p class='ocr_par' dir='ltr' id='par_1_2' title="bbox 428 417 1069 492">
     <span class='ocr_line' id='line_1_2' title="bbox 428 417 1069 492; baseline 0.008 -20"><span class='ocrx_word' id='word_1_4' title='bbox 428 447 468 458; x_wconf 88' lang='lat'>-</span> <span class='ocrx_word' id='word_1_5' title='bbox 485 418 639 490; x_wconf 73' lang='grc' dir='ltr'><strong><em>Ἀντίλοχος</em></strong></span> <span class='ocrx_word' id='word_1_6' title='bbox 653 419 681 473; x_wconf 77' lang='grc' dir='ltr'><strong>δὲ</strong></span> <span class='ocrx_word' id='word_1_7' title='bbox 695 417 837 492; x_wconf 80' lang='grc' dir='ltr'>κατέστυγε</span> <span class='ocrx_word' id='word_1_8' title='bbox 850 418 933 488; x_wconf 77' lang='grc' dir='ltr'><strong><em>μῦθον</em></strong></span> <span class='ocrx_word' id='word_1_9' title='bbox 946 417 1069 478; x_wconf 70' lang='grc' dir='ltr'><strong>ἀκούσαι·</strong></span> 
     </span>
    </p>

    <p class='ocr_par' dir='ltr' id='par_1_3' title="bbox 346 513 1043 588">
     <span class='ocr_line' id='line_1_3' title="bbox 346 513 1043 588; baseline 0.003 -18"><span class='ocrx_word' id='word_1_10' title='bbox 346 515 400 584; x_wconf 71' lang='lat' dir='ltr'><strong>alp</strong></span> <span class='ocrx_word' id='word_1_11' title='bbox 414 517 442 570; x_wconf 71' lang='lat' dir='ltr'><strong>dd</strong></span> <span class='ocrx_word' id='word_1_12' title='bbox 456 539 500 582; x_wconf 86' lang='grc' dir='ltr'><strong>μιν</strong></span> <span class='ocrx_word' id='word_1_13' title='bbox 513 516 634 588; x_wconf 78' lang='grc' dir='ltr'><strong>ἀμφασίη</strong></span> <span class='ocrx_word' id='word_1_14' title='bbox 647 513 731 571; x_wconf 76' lang='grc' dir='ltr'><strong><em>ε’πέευν</em></strong></span> <span class='ocrx_word' id='word_1_15' title='bbox 743 517 824 582; x_wconf 77' lang='grc' dir='ltr'><strong><em>λάβε·</em></strong></span> <span class='ocrx_word' id='word_1_16' title='bbox 845 517 881 570; x_wconf 76' lang='grc' dir='ltr'><strong>τὸ</strong></span> <span class='ocrx_word' id='word_1_17' title='bbox 895 518 922 571; x_wconf 68' lang='grc' dir='ltr'><strong>δι’</strong></span> <span class='ocrx_word' id='word_1_18' title='bbox 936 519 962 570; x_wconf 88' lang='lat' dir='ltr'><strong>ol</strong></span> <span class='ocrx_word' id='word_1_19' title='bbox 975 515 1043 572; x_wconf 76' lang='grc' dir='ltr'><strong><em>ὄσσε</em></strong></span> 
     </span>
    </p>

    <p class='ocr_par' dir='ltr' id='par_1_4' title="bbox 186 611 1242 930">
     <span class='ocr_line' id='line_1_4' title="bbox 347 611 1065 685; baseline 0.003 -18"><span class='ocrx_word' id='word_1_20' title='bbox 347 613 504 684; x_wconf 80' lang='grc' dir='ltr'><strong><em>Δακρυόφιν</em></strong></span> <span class='ocrx_word' id='word_1_21' title='bbox 518 611 646 682; x_wconf 76' lang='grc' dir='ltr'><strong><em>πλῆσθεν,</em></strong></span> <span class='ocrx_word' id='word_1_22' title='bbox 661 612 758 685; x_wconf 78' lang='grc' dir='ltr'><strong><em>θαλερὴ</em></strong></span> <span class='ocrx_word' id='word_1_23' title='bbox 773 613 800 667; x_wconf 69' lang='grc' dir='ltr'><strong>δι’</strong></span> <span class='ocrx_word' id='word_1_24' title='bbox 814 613 839 668; x_wconf 85' lang='lat' dir='ltr'><strong>ol</strong></span> <span class='ocrx_word' id='word_1_25' title='bbox 853 615 947 684; x_wconf 79' lang='grc' dir='ltr'><strong><em>ἔσχετο</em></strong></span> <span class='ocrx_word' id='word_1_26' title='bbox 960 611 1035 684; x_wconf 75' lang='grc' dir='ltr'><strong><em>φωνή</em></strong></span> <span class='ocrx_word' id='word_1_27' title='bbox 1046 611 1065 669; x_wconf 69' lang='lat'><strong>².</strong></span> 
     </span>
     <span class='ocr_line' id='line_1_5' title="bbox 187 738 1242 836; baseline 0.002 -26"><span class='ocrx_word' id='word_1_28' title='bbox 187 739 310 834; x_wconf 86' lang='lat' dir='ltr'><strong>Atque</strong></span> <span class='ocrx_word' id='word_1_29' title='bbox 332 738 466 811; x_wconf 90' lang='lat' dir='ltr'><strong>iterum</strong></span> <span class='ocrx_word' id='word_1_30' title='bbox 485 740 632 825; x_wconf 86' lang='lat' dir='ltr'><strong>rectius,</strong></span> <span class='ocrx_word' id='word_1_31' title='bbox 652 763 734 810; x_wconf 93' lang='lat' dir='ltr'><strong>cum</strong></span> <span class='ocrx_word' id='word_1_32' title='bbox 760 763 896 835; x_wconf 92' lang='lat' dir='ltr'><strong>equum</strong></span> <span class='ocrx_word' id='word_1_33' title='bbox 923 739 1128 834; x_wconf 76' lang='lat' dir='ltr'><strong>certaminis</strong></span> <span class='ocrx_word' id='word_1_34' title='bbox 1153 763 1242 836; x_wconf 86' lang='lat' dir='ltr'><strong>prae-</strong></span> 
     </span>
     <span class='ocr_line' id='line_1_6' title="bbox 186 855 950 930; baseline 0.004 -3"><span class='ocrx_word' id='word_1_35' title='bbox 186 855 301 928; x_wconf 91' lang='lat' dir='ltr'><strong>mium</strong></span> <span class='ocrx_word' id='word_1_36' title='bbox 319 858 415 930; x_wconf 90' lang='lat' dir='ltr'><strong>ultro</strong></span> <span class='ocrx_word' id='word_1_37' title='bbox 433 857 472 928; x_wconf 91' lang='lat' dir='ltr'><strong>in</strong></span> <span class='ocrx_word' id='word_1_38' title='bbox 493 880 623 928; x_wconf 90' lang='lat' dir='ltr'><strong>manus</strong></span> <span class='ocrx_word' id='word_1_39' title='bbox 641 855 798 929; x_wconf 87' lang='lat' dir='ltr'><strong>Menelai</strong></span> <span class='ocrx_word' id='word_1_40' title='bbox 817 857 950 930; x_wconf 86' lang='lat' dir='ltr'><strong>tradit:</strong></span> 
     </span>
    </p>

    <p class='ocr_par' dir='ltr' id='par_1_5' title="bbox 339 1001 1036 1081">
     <span class='ocr_line' id='line_1_7' title="bbox 339 1001 1036 1081; baseline 0.009 -21"><span class='ocrx_word' id='word_1_41' title='bbox 339 1001 378 1060; x_wconf 84' lang='lat' dir='ltr'><strong>’H</strong></span> <span class='ocrx_word' id='word_1_42' title='bbox 391 1005 426 1078; x_wconf 79' lang='grc' dir='ltr'><strong>ῥα</strong></span> <span class='ocrx_word' id='word_1_43' title='bbox 439 1007 480 1062; x_wconf 80' lang='grc' dir='ltr'><strong>καὶ</strong></span> <span class='ocrx_word' id='word_1_44' title='bbox 494 1004 575 1062; x_wconf 75' lang='grc' dir='ltr'><strong><em>ἵππον</em></strong></span> <span class='ocrx_word' id='word_1_45' title='bbox 587 1007 659 1078; x_wconf 72' lang='grc' dir='ltr'><strong><em>ἄγων</em></strong></span> <span class='ocrx_word' id='word_1_46' title='bbox 670 1006 821 1080; x_wconf 71' lang='grc' dir='ltr'>μεγαθύμου</span> <span class='ocrx_word' id='word_1_47' title='bbox 835 1007 968 1081; x_wconf 74' lang='grc' dir='ltr'><strong><em>Νέστορος</em></strong></span> <span class='ocrx_word' id='word_1_48' title='bbox 981 1008 1036 1066; x_wconf 82' lang='lat' dir='ltr'><strong>ulds</strong></span> 
     </span>
    </p>

    <p class='ocr_par' dir='ltr' id='par_1_6' title="bbox 184 1101 1242 1783">
     <span class='ocr_line' id='line_1_8' title="bbox 345 1101 786 1174; baseline 0.005 -18"><span class='ocrx_word' id='word_1_49' title='bbox 345 1101 391 1156; x_wconf 83' lang='grc' dir='ltr'><strong>Ἐν</strong></span> <span class='ocrx_word' id='word_1_50' title='bbox 403 1103 527 1174; x_wconf 75' lang='grc' dir='ltr'><strong><em>χείρεσσι</em></strong></span> <span class='ocrx_word' id='word_1_51' title='bbox 540 1102 606 1157; x_wconf 80' lang='grc' dir='ltr'><strong><em>τίθει</em></strong></span> <span class='ocrx_word' id='word_1_52' title='bbox 620 1105 756 1158; x_wconf 83' lang='grc' dir='ltr'><strong><em>Μενελάου</em></strong></span> <span class='ocrx_word' id='word_1_53' title='bbox 764 1107 786 1158; x_wconf 79' lang='lat'><strong>¹¹.</strong></span> 
     </span>
     <span class='ocr_line' id='line_1_9' title="bbox 187 1227 1241 1303; baseline 0 -2"><span class='ocrx_word' id='word_1_54' title='bbox 187 1227 256 1301; x_wconf 89' lang='lat' dir='ltr'><strong>Sed</strong></span> <span class='ocrx_word' id='word_1_55' title='bbox 274 1233 375 1302; x_wconf 91' lang='lat' dir='ltr'><strong>totus</strong></span> <span class='ocrx_word' id='word_1_56' title='bbox 393 1230 496 1302; x_wconf 87' lang='lat' dir='ltr'><strong>locus</strong></span> <span class='ocrx_word' id='word_1_57' title='bbox 519 1229 766 1302; x_wconf 87' lang='lat' dir='ltr'><strong>consulendus</strong></span> <span class='ocrx_word' id='word_1_58' title='bbox 789 1235 855 1303; x_wconf 87' lang='lat' dir='ltr'><strong>est.</strong></span> <span class='ocrx_word' id='word_1_59' title='bbox 906 1228 1029 1302; x_wconf 88' lang='lat' dir='ltr'><strong>Verba</strong></span> <span class='ocrx_word' id='word_1_60' title='bbox 1051 1228 1148 1302; x_wconf 87' lang='lat' dir='ltr'><strong>enim</strong></span> <span class='ocrx_word' id='word_1_61' title='bbox 1164 1228 1241 1301; x_wconf 89' lang='lat' dir='ltr'><strong>An-</strong></span> 
     </span>
     <span class='ocr_line' id='line_1_10' title="bbox 184 1344 1241 1444; baseline 0.001 -27"><span class='ocrx_word' id='word_1_62' title='bbox 184 1345 310 1418; x_wconf 92' lang='lat' dir='ltr'><strong>tilochi</strong></span> <span class='ocrx_word' id='word_1_63' title='bbox 332 1346 461 1418; x_wconf 91' lang='lat' dir='ltr'><strong>codem</strong></span> <span class='ocrx_word' id='word_1_64' title='bbox 485 1346 634 1420; x_wconf 84' lang='lat' dir='ltr'><strong>faciunt.</strong></span> <span class='ocrx_word' id='word_1_65' title='bbox 688 1345 732 1420; x_wconf 92' lang='lat' dir='ltr'><strong>In</strong></span> <span class='ocrx_word' id='word_1_66' title='bbox 752 1344 917 1444; x_wconf 78' lang='lat' dir='ltr'>Odyssea</span> <span class='ocrx_word' id='word_1_67' title='bbox 942 1345 1052 1420; x_wconf 88' lang='lat' dir='ltr'><strong>etiam</strong></span> <span class='ocrx_word' id='word_1_68' title='bbox 1078 1347 1241 1443; x_wconf 90' lang='lat' dir='ltr'><strong>ejusdem</strong></span> 
     </span>
     <span class='ocr_line' id='line_1_11' title="bbox 184 1461 1238 1560; baseline 0.004 -27"><span class='ocrx_word' id='word_1_69' title='bbox 184 1463 236 1534; x_wconf 89' lang='lat' dir='ltr'><strong>rei</strong></span> <span class='ocrx_word' id='word_1_70' title='bbox 269 1462 424 1560; x_wconf 83' lang='lat' dir='ltr'><strong>insignia</strong></span> <span class='ocrx_word' id='word_1_71' title='bbox 458 1469 545 1536; x_wconf 85' lang='lat' dir='ltr'><strong>sunt</strong></span> <span class='ocrx_word' id='word_1_72' title='bbox 579 1465 758 1560; x_wconf 84' lang='lat' dir='ltr'><strong>exempla.</strong></span> <span class='ocrx_word' id='word_1_73' title='bbox 812 1461 941 1559; x_wconf 85' lang='lat' dir='ltr'>Magni</span> <span class='ocrx_word' id='word_1_74' title='bbox 970 1461 1082 1536; x_wconf 90' lang='lat' dir='ltr'><strong>animi</strong></span> <span class='ocrx_word' id='word_1_75' title='bbox 1115 1465 1238 1537; x_wconf 88' lang='lat' dir='ltr'><strong>luctus</strong></span> 
     </span>
     <span class='ocr_line' id='line_1_12' title="bbox 185 1580 1242 1679; baseline 0.002 -27"><span class='ocrx_word' id='word_1_76' title='bbox 185 1603 251 1652; x_wconf 89' lang='lat' dir='ltr'><strong>sua</strong></span> <span class='ocrx_word' id='word_1_77' title='bbox 281 1581 391 1654; x_wconf 91' lang='lat' dir='ltr'><strong>habet</strong></span> <span class='ocrx_word' id='word_1_78' title='bbox 424 1591 572 1654; x_wconf 86' lang='lat' dir='ltr'><strong>externa</strong></span> <span class='ocrx_word' id='word_1_79' title='bbox 609 1580 711 1677; x_wconf 87' lang='lat' dir='ltr'><strong>signa</strong></span> <span class='ocrx_word' id='word_1_80' title='bbox 744 1581 782 1655; x_wconf 93' lang='lat' dir='ltr'><strong>in</strong></span> <span class='ocrx_word' id='word_1_81' title='bbox 816 1581 886 1654; x_wconf 91' lang='lat' dir='ltr'><strong>illis</strong></span> <span class='ocrx_word' id='word_1_82' title='bbox 920 1606 1001 1679; x_wconf 89' lang='lat' dir='ltr'><strong>quae</strong></span> <span class='ocrx_word' id='word_1_83' title='bbox 1035 1581 1079 1656; x_wconf 90' lang='lat' dir='ltr'><strong>de</strong></span> <span class='ocrx_word' id='word_1_84' title='bbox 1106 1580 1242 1678; x_wconf 85' lang='lat' dir='ltr'><strong>Ulysse</strong></span> 
     </span>
     <span class='ocr_line' id='line_1_13' title="bbox 187 1705 510 1783; baseline -0.003 -14"><span class='ocrx_word' id='word_1_85' title='bbox 187 1705 510 1783; x_wconf 82' lang='lat' dir='ltr'><strong>memorantur:—</strong></span> 
     </span>
    </p>
   </div>
   <div class='ocr_carea' id='block_1_3' title="bbox 344 1847 1065 2212">
    <p class='ocr_par' dir='ltr' id='par_1_7' title="bbox 344 1847 1065 2212">
     <span class='ocr_line' id='line_1_14' title="bbox 505 1847 802 1922; baseline 0.003 -18"><span class='ocrx_word' id='word_1_86' title='bbox 505 1876 544 1890; x_wconf 92' lang='lat'><strong>·-</strong></span> <span class='ocrx_word' id='word_1_87' title='bbox 559 1850 639 1922; x_wconf 77' lang='grc' dir='ltr'><strong><em>αι’σᾶρ</em></strong></span> <span class='ocrx_word' id='word_1_88' title='bbox 653 1847 802 1906; x_wconf 66' lang='lat' dir='ltr'><strong>’odoacris</strong></span> 
     </span>
     <span class='ocr_line' id='line_1_15' title="bbox 344 1943 1015 2019; baseline 0 -19"><span class='ocrx_word' id='word_1_89' title='bbox 344 1943 504 2018; x_wconf 77' lang='grc' dir='ltr'><strong><em>Πορφῦρεαν</em></strong></span> <span class='ocrx_word' id='word_1_90' title='bbox 516 1948 584 2018; x_wconf 73' lang='grc' dir='ltr'>μέγα</span> <span class='ocrx_word' id='word_1_91' title='bbox 597 1949 684 2019; x_wconf 76' lang='grc' dir='ltr'><strong><em>φᾶρος</em></strong></span> <span class='ocrx_word' id='word_1_92' title='bbox 698 1947 765 2000; x_wconf 76' lang='grc' dir='ltr'><strong><em>ε’λὸν</em></strong></span> <span class='ocrx_word' id='word_1_93' title='bbox 777 1946 856 2018; x_wconf 70' lang='grc' dir='ltr'><strong><em>χερσὶ</em></strong></span> <span class='ocrx_word' id='word_1_94' title='bbox 870 1947 1015 2018; x_wconf 81' lang='grc' dir='ltr'><strong><em>στιβαρῇσι</em></strong></span> 
     </span>
     <span class='ocr_line' id='line_1_16' title="bbox 347 2040 1046 2114; baseline 0.001 -19"><span class='ocrx_word' id='word_1_95' title='bbox 347 2043 520 2113; x_wconf 79' lang='grc' dir='ltr'><strong>Κακκεφαλῆι·</strong></span> <span class='ocrx_word' id='word_1_96' title='bbox 534 2040 652 2114; x_wconf 76' lang='grc' dir='ltr'><strong><em>εἴρυσσε,</em></strong></span> <span class='ocrx_word' id='word_1_97' title='bbox 666 2043 770 2114; x_wconf 70' lang='grc' dir='ltr'><strong><em>κάλυψε</em></strong></span> <span class='ocrx_word' id='word_1_98' title='bbox 784 2043 812 2097; x_wconf 74' lang='lat' dir='ltr'><strong>dd</strong></span> <span class='ocrx_word' id='word_1_99' title='bbox 827 2043 894 2098; x_wconf 74' lang='grc' dir='ltr'>καλὰ</span> <span class='ocrx_word' id='word_1_100' title='bbox 907 2044 1046 2114; x_wconf 76' lang='grc' dir='ltr'><strong><em>πρόσωπα,</em></strong></span> 
     </span>
     <span class='ocr_line' id='line_1_17' title="bbox 345 2137 1065 2212; baseline 0 -20"><span class='ocrx_word' id='word_1_101' title='bbox 345 2137 439 2193; x_wconf 80' lang='grc' dir='ltr'><strong><em>Αἴδετο</em></strong></span> <span class='ocrx_word' id='word_1_102' title='bbox 452 2141 504 2211; x_wconf 75' lang='grc' dir='ltr'><strong><em>γὰρ</em></strong></span> <span class='ocrx_word' id='word_1_103' title='bbox 518 2140 639 2207; x_wconf 74' lang='grc' dir='ltr'><strong>Φαίηκας,</strong></span> <span class='ocrx_word' id='word_1_104' title='bbox 653 2137 697 2194; x_wconf 78' lang='grc' dir='ltr'><strong>ὑπ’</strong></span> <span class='ocrx_word' id='word_1_105' title='bbox 712 2137 813 2212; x_wconf 73' lang='grc' dir='ltr'><strong><em>ὀφρύσι</em></strong></span> <span class='ocrx_word' id='word_1_106' title='bbox 828 2139 924 2212; x_wconf 78' lang='grc' dir='ltr'><strong><em>δάκρυα</em></strong></span> <span class='ocrx_word' id='word_1_107' title='bbox 937 2140 1065 2204; x_wconf 52' lang='grc' dir='ltr'><strong>λείβων.</strong></span> 
     </span>
    </p>
   </div>
   <div class='ocr_carea' id='block_1_4' title="bbox 190 2255 1240 2388">
    <p class='ocr_par' dir='ltr' id='par_1_8' title="bbox 190 2255 1240 2388">
     <span class='ocr_line' id='line_1_18' title="bbox 190 2255 1240 2388; baseline -0.001 -26"><span class='ocrx_word' id='word_1_108' title='bbox 190 2255 359 2386; x_wconf 83' lang='lat' dir='ltr'><strong>Ejusdem</strong></span> <span class='ocrx_word' id='word_1_109' title='bbox 378 2288 522 2386; x_wconf 89' lang='lat' dir='ltr'><strong>Ulyssis</strong></span> <span class='ocrx_word' id='word_1_110' title='bbox 539 2289 593 2363; x_wconf 90' lang='lat' dir='ltr'><strong>vis</strong></span> <span class='ocrx_word' id='word_1_111' title='bbox 611 2298 649 2364; x_wconf 86' lang='lat' dir='ltr'><strong>et</strong></span> <span class='ocrx_word' id='word_1_112' title='bbox 669 2289 818 2387; x_wconf 88' lang='lat' dir='ltr'><strong>spiritus</strong></span> <span class='ocrx_word' id='word_1_113' title='bbox 836 2290 973 2388; x_wconf 90' lang='lat' dir='ltr'><strong>quoad</strong></span> <span class='ocrx_word' id='word_1_114' title='bbox 991 2289 1240 2363; x_wconf 85' lang='lat' dir='ltr'><strong>ulciscendum</strong></span> 
     </span>
    </p>
   </div>
   <div class='ocr_carea' id='block_1_5' title="bbox 189 2407 1244 3167">
    <p class='ocr_par' dir='ltr' id='par_1_9' title="bbox 189 2407 1244 2742">
     <span class='ocr_line' id='line_1_19' title="bbox 189 2407 1242 2504; baseline -0.001 -23"><span class='ocrx_word' id='word_1_115' title='bbox 189 2432 227 2481; x_wconf 91' lang='lat' dir='ltr'><strong>se</strong></span> <span class='ocrx_word' id='word_1_116' title='bbox 243 2408 365 2504; x_wconf 84' lang='lat' dir='ltr'><strong>prodit</strong></span> <span class='ocrx_word' id='word_1_117' title='bbox 381 2407 459 2504; x_wconf 91' lang='lat' dir='ltr'><strong>ipsa</strong></span> <span class='ocrx_word' id='word_1_118' title='bbox 475 2407 656 2482; x_wconf 88' lang='lat' dir='ltr'><strong>celeritate</strong></span> <span class='ocrx_word' id='word_1_119' title='bbox 672 2416 710 2483; x_wconf 93' lang='lat' dir='ltr'><strong>et</strong></span> <span class='ocrx_word' id='word_1_120' title='bbox 736 2409 844 2481; x_wconf 92' lang='lat' dir='ltr'><strong>modo</strong></span> <span class='ocrx_word' id='word_1_121' title='bbox 861 2408 991 2502; x_wconf 86' lang='lat' dir='ltr'><strong>agendi</strong></span> <span class='ocrx_word' id='word_1_122' title='bbox 1009 2407 1164 2480; x_wconf 88' lang='lat' dir='ltr'><strong>breviter</strong></span> <span class='ocrx_word' id='word_1_123' title='bbox 1180 2431 1242 2480; x_wconf 85' lang='lat' dir='ltr'><strong>ex·</strong></span> 
     </span>
     <span class='ocr_line' id='line_1_20' title="bbox 189 2519 1244 2621; baseline -0.001 -25"><span class='ocrx_word' id='word_1_124' title='bbox 189 2525 344 2621; x_wconf 88' lang='lat' dir='ltr'><strong>peditur,</strong></span> <span class='ocrx_word' id='word_1_125' title='bbox 363 2525 414 2598; x_wconf 89' lang='lat' dir='ltr'><strong>ita</strong></span> <span class='ocrx_word' id='word_1_126' title='bbox 436 2537 557 2598; x_wconf 87' lang='lat' dir='ltr'><strong>tamen</strong></span> <span class='ocrx_word' id='word_1_127' title='bbox 574 2536 617 2598; x_wconf 93' lang='lat' dir='ltr'><strong>ut</strong></span> <span class='ocrx_word' id='word_1_128' title='bbox 636 2525 837 2621; x_wconf 83' lang='lat' dir='ltr'><strong>longiorem</strong></span> <span class='ocrx_word' id='word_1_129' title='bbox 861 2535 898 2597; x_wconf 89' lang='lat' dir='ltr'><strong>et</strong></span> <span class='ocrx_word' id='word_1_130' title='bbox 916 2523 1030 2620; x_wconf 80' lang='lat' dir='ltr'><strong>magis</strong></span> <span class='ocrx_word' id='word_1_131' title='bbox 1053 2519 1244 2620; x_wconf 74' lang='lat' dir='ltr'><strong>operosam</strong></span> 
     </span>
     <span class='ocr_line' id='line_1_21' title="bbox 190 2643 874 2742; baseline -0.003 -24"><span class='ocrx_word' id='word_1_132' title='bbox 190 2643 466 2742; x_wconf 83' lang='lat' dir='ltr'><strong>descriptionem</strong></span> <span class='ocrx_word' id='word_1_133' title='bbox 484 2644 586 2717; x_wconf 82' lang='lat' dir='ltr'><strong>facile</strong></span> <span class='ocrx_word' id='word_1_134' title='bbox 604 2651 799 2741; x_wconf 83' lang='lat' dir='ltr'><strong>exsuperet</strong></span> <span class='ocrx_word' id='word_1_135' title='bbox 812 2675 874 2716; x_wconf 89' lang='lat'><strong>:-</strong></span> 
     </span>
    </p>

    <p class='ocr_par' dir='ltr' id='par_1_10' title="bbox 347 2801 1029 2879">
     <span class='ocr_line' id='line_1_22' title="bbox 347 2801 1029 2879; baseline -0.001 -19"><span class='ocrx_word' id='word_1_136' title='bbox 347 2806 436 2878; x_wconf 77' lang='grc' dir='ltr'><strong><em>Αὖτᾶρ</em></strong></span> <span class='ocrx_word' id='word_1_137' title='bbox 450 2809 464 2860; x_wconf 88' lang='lat' dir='ltr'><strong>d</strong></span> <span class='ocrx_word' id='word_1_138' title='bbox 477 2805 598 2877; x_wconf 77' lang='grc' dir='ltr'><strong><em>γυμνώθη</em></strong></span> <span class='ocrx_word' id='word_1_139' title='bbox 611 2805 710 2879; x_wconf 75' lang='grc' dir='ltr'><strong>ῥακέων</strong></span> <span class='ocrx_word' id='word_1_140' title='bbox 722 2804 866 2876; x_wconf 75' lang='grc' dir='ltr'><strong><em>πολύμητις</em></strong></span> <span class='ocrx_word' id='word_1_141' title='bbox 880 2801 1029 2862; x_wconf 65' lang='lat' dir='ltr'><strong>&#39;odoacaris</strong></span> 
     </span>
    </p>

    <p class='ocr_par' dir='ltr' id='par_1_11' title="bbox 340 2898 1065 2976">
     <span class='ocr_line' id='line_1_23' title="bbox 340 2898 1065 2976; baseline -0.004 -17"><span class='ocrx_word' id='word_1_142' title='bbox 340 2898 427 2959; x_wconf 81' lang='grc' dir='ltr'>’Δλτο</span> <span class='ocrx_word' id='word_1_143' title='bbox 441 2902 464 2958; x_wconf 79' lang='grc' dir='ltr'><strong>δ’</strong></span> <span class='ocrx_word' id='word_1_144' title='bbox 479 2903 523 2957; x_wconf 73' lang='grc' dir='ltr'><strong>ἐπὶ</strong></span> <span class='ocrx_word' id='word_1_145' title='bbox 536 2903 618 2975; x_wconf 82' lang='grc' dir='ltr'><strong><em>με’γαν</em></strong></span> <span class='ocrx_word' id='word_1_146' title='bbox 632 2903 709 2958; x_wconf 73' lang='grc' dir='ltr'><strong><em>οὐδὸν</em></strong></span> <span class='ocrx_word' id='word_1_147' title='bbox 721 2903 790 2975; x_wconf 66' lang='grc' dir='ltr'><strong><em>ἔχων</em></strong></span> <span class='ocrx_word' id='word_1_148' title='bbox 802 2904 862 2970; x_wconf 74' lang='grc' dir='ltr'><strong><em>βιὸν</em></strong></span> <span class='ocrx_word' id='word_1_149' title='bbox 875 2900 919 2972; x_wconf 66' lang='lat' dir='ltr'><strong>dds*</strong></span> <span class='ocrx_word' id='word_1_150' title='bbox 933 2902 1065 2976; x_wconf 80' lang='grc' dir='ltr'><strong>φαρέτρην</strong></span> 
     </span>
    </p>

    <p class='ocr_par' dir='ltr' id='par_1_12' title="bbox 345 2995 950 3070">
     <span class='ocr_line' id='line_1_24' title="bbox 345 2995 950 3070; baseline 0.002 -16"><span class='ocrx_word' id='word_1_151' title='bbox 345 2995 407 3054; x_wconf 69' lang='lat' dir='ltr'><strong>&#39;Idu</strong></span> <span class='ocrx_word' id='word_1_152' title='bbox 418 2998 552 3070; x_wconf 71' lang='grc' dir='ltr'><strong><em>ἐμπλείην,</em></strong></span> <span class='ocrx_word' id='word_1_153' title='bbox 567 3001 660 3070; x_wconf 68' lang='grc' dir='ltr'>ταχέας</span> <span class='ocrx_word' id='word_1_154' title='bbox 675 2998 699 3055; x_wconf 76' lang='grc' dir='ltr'><strong>δ’</strong></span> <span class='ocrx_word' id='word_1_155' title='bbox 713 2997 829 3070; x_wconf 69' lang='grc' dir='ltr'><strong>ἐκχεύατ’</strong></span> <span class='ocrx_word' id='word_1_156' title='bbox 842 3000 950 3055; x_wconf 68' lang='lat' dir='ltr'><strong>diercis</strong></span> 
     </span>
    </p>

    <p class='ocr_par' dir='ltr' id='par_1_13' title="bbox 345 3093 1073 3167">
     <span class='ocr_line' id='line_1_25' title="bbox 345 3093 1073 3167; baseline -0.005 -16"><span class='ocrx_word' id='word_1_157' title='bbox 345 3095 432 3151; x_wconf 78' lang='grc' dir='ltr'><strong>Αὐτοῦ</strong></span> <span class='ocrx_word' id='word_1_158' title='bbox 444 3093 547 3167; x_wconf 82' lang='grc' dir='ltr'><strong><em>πρόσθε</em></strong></span> <span class='ocrx_word' id='word_1_159' title='bbox 560 3096 647 3152; x_wconf 78' lang='grc' dir='ltr'><strong><em>ποδῶν</em></strong></span> <span class='ocrx_word' id='word_1_160' title='bbox 659 3097 723 3166; x_wconf 72' lang='lat' dir='ltr'><strong>perd</strong></span> <span class='ocrx_word' id='word_1_161' title='bbox 737 3097 766 3151; x_wconf 75' lang='grc' dir='ltr'><strong>δὲ</strong></span> <span class='ocrx_word' id='word_1_162' title='bbox 780 3097 944 3166; x_wconf 73' lang='grc' dir='ltr'><strong><em>μνηστῆρσιν</em></strong></span> <span class='ocrx_word' id='word_1_163' title='bbox 956 3093 1042 3148; x_wconf 70' lang='grc' dir='ltr'><strong><em>ἵειπεν</em></strong></span> <span class='ocrx_word' id='word_1_164' title='bbox 1053 3093 1073 3146; x_wconf 67' lang='lat'><strong>¹.</strong></span> 
     </span>
    </p>
   </div>
   <div class='ocr_carea' id='block_1_6' title="bbox 187 3235 1246 3816">
    <p class='ocr_par' dir='ltr' id='par_1_14' title="bbox 187 3235 1246 3816">
     <span class='ocr_line' id='line_1_26' title="bbox 190 3235 1244 3336; baseline -0.009 -23"><span class='ocrx_word' id='word_1_165' title='bbox 190 3235 302 3323; x_wconf 90' lang='lat' dir='ltr'><strong>Quod</strong></span> <span class='ocrx_word' id='word_1_166' title='bbox 331 3240 363 3312; x_wconf 88' lang='lat' dir='ltr'><strong>si</strong></span> <span class='ocrx_word' id='word_1_167' title='bbox 388 3239 467 3314; x_wconf 87' lang='lat' dir='ltr'><strong>haec</strong></span> <span class='ocrx_word' id='word_1_168' title='bbox 492 3239 624 3314; x_wconf 84' lang='lat' dir='ltr'><strong>indicia</strong></span> <span class='ocrx_word' id='word_1_169' title='bbox 652 3239 717 3314; x_wconf 91' lang='lat' dir='ltr'><strong>uni</strong></span> <span class='ocrx_word' id='word_1_170' title='bbox 746 3238 852 3314; x_wconf 87' lang='lat' dir='ltr'><strong>alicui</strong></span> <span class='ocrx_word' id='word_1_171' title='bbox 885 3260 1049 3336; x_wconf 84' lang='lat' dir='ltr'><strong>personae</strong></span> <span class='ocrx_word' id='word_1_172' title='bbox 1077 3238 1114 3306; x_wconf 90' lang='lat' dir='ltr'><strong>et</strong></span> <span class='ocrx_word' id='word_1_173' title='bbox 1142 3241 1244 3306; x_wconf 90' lang='lat' dir='ltr'><strong>certo</strong></span> 
     </span>
     <span class='ocr_line' id='line_1_27' title="bbox 187 3347 1245 3455; baseline -0.006 -27"><span class='ocrx_word' id='word_1_174' title='bbox 187 3380 331 3430; x_wconf 89' lang='lat' dir='ltr'><strong>morum</strong></span> <span class='ocrx_word' id='word_1_175' title='bbox 358 3357 546 3454; x_wconf 87' lang='lat' dir='ltr'><strong>systemati</strong></span> <span class='ocrx_word' id='word_1_176' title='bbox 571 3358 717 3455; x_wconf 90' lang='lat' dir='ltr'><strong>propria</strong></span> <span class='ocrx_word' id='word_1_177' title='bbox 742 3356 815 3431; x_wconf 89' lang='lat' dir='ltr'><strong>sint</strong></span> <span class='ocrx_word' id='word_1_178' title='bbox 832 3362 875 3431; x_wconf 90' lang='lat' dir='ltr'><strong>ut</strong></span> <span class='ocrx_word' id='word_1_179' title='bbox 900 3357 938 3428; x_wconf 91' lang='lat' dir='ltr'><strong>in</strong></span> <span class='ocrx_word' id='word_1_180' title='bbox 965 3349 1130 3453; x_wconf 89' lang='lat' dir='ltr'><strong>plurimis</strong></span> <span class='ocrx_word' id='word_1_181' title='bbox 1156 3347 1245 3422; x_wconf 85' lang='lat' dir='ltr'><strong>locis</strong></span> 
     </span>
     <span class='ocr_line' id='line_1_28' title="bbox 189 3465 1245 3572; baseline -0.009 -25"><span class='ocrx_word' id='word_1_182' title='bbox 189 3498 299 3572; x_wconf 85' lang='lat' dir='ltr'><strong>supra</strong></span> <span class='ocrx_word' id='word_1_183' title='bbox 316 3475 435 3549; x_wconf 84' lang='lat' dir='ltr'><strong>citatis</strong></span> <span class='ocrx_word' id='word_1_184' title='bbox 452 3499 485 3548; x_wconf 90' lang='lat' dir='ltr'><strong>v.</strong></span> <span class='ocrx_word' id='word_1_185' title='bbox 504 3501 556 3572; x_wconf 85' lang='lat' dir='ltr'><strong>gr.</strong></span> <span class='ocrx_word' id='word_1_186' title='bbox 575 3474 614 3548; x_wconf 91' lang='lat' dir='ltr'><strong>in</strong></span> <span class='ocrx_word' id='word_1_187' title='bbox 629 3475 692 3548; x_wconf 88' lang='lat' dir='ltr'><strong>illa</strong></span> <span class='ocrx_word' id='word_1_188' title='bbox 709 3475 828 3572; x_wconf 87' lang='lat' dir='ltr'><strong>Ajacis</strong></span> <span class='ocrx_word' id='word_1_189' title='bbox 851 3473 1008 3568; x_wconf 81' lang='lat' dir='ltr'><strong>imagine</strong></span> <span class='ocrx_word' id='word_1_190' title='bbox 1029 3493 1072 3542; x_wconf 88' lang='lat' dir='ltr'><strong>co</strong></span> <span class='ocrx_word' id='word_1_191' title='bbox 1091 3465 1245 3541; x_wconf 84' lang='lat' dir='ltr'><strong>certiora</strong></span> 
     </span>
     <span class='ocr_line' id='line_1_29' title="bbox 189 3585 1242 3698; baseline -0.01 -23"><span class='ocrx_word' id='word_1_192' title='bbox 189 3608 330 3676; x_wconf 87' lang='lat' dir='ltr'><strong>suntet</strong></span> <span class='ocrx_word' id='word_1_193' title='bbox 348 3602 463 3698; x_wconf 83' lang='lat' dir='ltr'><strong>magis</strong></span> <span class='ocrx_word' id='word_1_194' title='bbox 481 3604 586 3676; x_wconf 89' lang='lat' dir='ltr'><strong>clara.</strong></span> <span class='ocrx_word' id='word_1_195' title='bbox 629 3603 719 3675; x_wconf 84' lang='lat' dir='ltr'><strong>Haec</strong></span> <span class='ocrx_word' id='word_1_196' title='bbox 736 3609 823 3675; x_wconf 89' lang='lat' dir='ltr'><strong>sunt</strong></span> <span class='ocrx_word' id='word_1_197' title='bbox 839 3597 1049 3673; x_wconf 85' lang='lat' dir='ltr'><strong>Aristotelis</strong></span> <span class='ocrx_word' id='word_1_198' title='bbox 1067 3585 1113 3668; x_wconf 80' lang='grc' dir='ltr'><strong>τὰ</strong></span> <span class='ocrx_word' id='word_1_199' title='bbox 1129 3586 1206 3666; x_wconf 84' lang='grc' dir='ltr'><strong>ἴδια</strong></span> <span class='ocrx_word' id='word_1_200' title='bbox 1217 3586 1242 3685; x_wconf 85' lang='lat'><strong>¹,</strong></span> 
     </span>
     <span class='ocr_line' id='line_1_30' title="bbox 187 3711 1246 3816; baseline -0.009 -23"><span class='ocrx_word' id='word_1_201' title='bbox 187 3744 253 3816; x_wconf 91' lang='lat' dir='ltr'><strong>per</strong></span> <span class='ocrx_word' id='word_1_202' title='bbox 281 3743 362 3816; x_wconf 84' lang='lat' dir='ltr'><strong>quae</strong></span> <span class='ocrx_word' id='word_1_203' title='bbox 387 3719 587 3794; x_wconf 86' lang='lat' dir='ltr'><strong>narrationi</strong></span> <span class='ocrx_word' id='word_1_204' title='bbox 614 3717 817 3792; x_wconf 83' lang='lat' dir='ltr'><strong>Rhetoricae</strong></span> <span class='ocrx_word' id='word_1_205' title='bbox 844 3740 964 3791; x_wconf 88' lang='lat' dir='ltr'><strong>mores</strong></span> <span class='ocrx_word' id='word_1_206' title='bbox 989 3711 1114 3787; x_wconf 89' lang='lat' dir='ltr'><strong>induci</strong></span> <span class='ocrx_word' id='word_1_207' title='bbox 1138 3734 1246 3807; x_wconf 89' lang='lat' dir='ltr'><strong>posse</strong></span> 
     </span>
    </p>
   </div>
   <div class='ocr_carea' id='block_1_7' title="bbox 189 3823 1246 3951">
    <p class='ocr_par' dir='ltr' id='par_1_15' title="bbox 189 3823 1246 3951">
     <span class='ocr_line' id='line_1_31' title="bbox 189 3823 1246 3951; baseline -0.015 -25"><span class='ocrx_word' id='word_1_208' title='bbox 189 3852 250 3926; x_wconf 90' lang='lat' dir='ltr'><strong>ait.</strong></span> <span class='ocrx_word' id='word_1_209' title='bbox 304 3852 388 3926; x_wconf 88' lang='lat' dir='ltr'><strong>Alia</strong></span> <span class='ocrx_word' id='word_1_210' title='bbox 414 3865 500 3927; x_wconf 87' lang='lat' dir='ltr'><strong>suut</strong></span> <span class='ocrx_word' id='word_1_211' title='bbox 526 3875 608 3951; x_wconf 87' lang='lat' dir='ltr'><strong>quae</strong></span> <span class='ocrx_word' id='word_1_212' title='bbox 633 3852 790 3926; x_wconf 86' lang='lat' dir='ltr'><strong>breviter</strong></span> <span class='ocrx_word' id='word_1_213' title='bbox 814 3859 851 3924; x_wconf 91' lang='lat' dir='ltr'><strong>et</strong></span> <span class='ocrx_word' id='word_1_214' title='bbox 877 3872 945 3922; x_wconf 89' lang='lat' dir='ltr'><strong>suo</strong></span> <span class='ocrx_word' id='word_1_215' title='bbox 970 3869 1071 3919; x_wconf 89' lang='lat' dir='ltr'><strong>more</strong></span> <span class='ocrx_word' id='word_1_216' title='bbox 1094 3823 1246 3917; x_wconf 78' lang='lat' dir='ltr'><strong>vocatd</strong></span> 
     </span>
    </p>
   </div>
   <div class='ocr_carea' id='block_1_8' title="bbox 188 4037 1245 4348">
    <p class='ocr_par' dir='ltr' id='par_1_16' title="bbox 230 4037 1243 4126">
     <span class='ocr_line' id='line_1_32' title="bbox 230 4037 1243 4126; baseline -0.011 -20"><span class='ocrx_word' id='word_1_217' title='bbox 230 4047 305 4108; x_wconf 73' lang='lat'><strong>²11.</strong></span> <span class='ocrx_word' id='word_1_218' title='bbox 322 4063 349 4109; x_wconf 83' lang='grc' dir='ltr'><strong>Ρ.</strong></span> <span class='ocrx_word' id='word_1_219' title='bbox 364 4047 432 4126; x_wconf 87' lang='lat'><strong>694.</strong></span> <span class='ocrx_word' id='word_1_220' title='bbox 779 4045 906 4106; x_wconf 73' lang='lat' dir='ltr'><strong>&#39;Arist</strong></span> <span class='ocrx_word' id='word_1_221' title='bbox 934 4042 1031 4114; x_wconf 63' lang='lat' dir='ltr'><strong>Rhea,</strong></span> <span class='ocrx_word' id='word_1_222' title='bbox 1052 4039 1073 4098; x_wconf 88' lang='lat' dir='ltr'><strong>l.</strong></span> <span class='ocrx_word' id='word_1_223' title='bbox 1087 4037 1130 4099; x_wconf 87' lang='lat' dir='ltr'><strong>iii.</strong></span> <span class='ocrx_word' id='word_1_224' title='bbox 1152 4057 1178 4098; x_wconf 91' lang='lat' dir='ltr'><strong>c.</strong></span> <span class='ocrx_word' id='word_1_225' title='bbox 1197 4037 1243 4110; x_wconf 83' lang='lat'><strong>16,</strong></span> 
     </span>
    </p>

    <p class='ocr_par' dir='ltr' id='par_1_17' title="bbox 188 4119 1245 4348">
     <span class='ocr_line' id='line_1_33' title="bbox 188 4119 1245 4205; baseline -0.01 -19"><span class='ocrx_word' id='word_1_226' title='bbox 188 4131 194 4186; x_wconf 90' lang='lat' dir='ltr'><strong>l</strong></span> <span class='ocrx_word' id='word_1_227' title='bbox 231 4136 244 4160; x_wconf 72' lang='lat'>⁸</span> <span class='ocrx_word' id='word_1_228' title='bbox 264 4127 345 4188; x_wconf 91' lang='lat' dir='ltr'><strong>Ibid.</strong></span> <span class='ocrx_word' id='word_1_229' title='bbox 360 4141 395 4188; x_wconf 69' lang='grc' dir='ltr'><strong>Ψ.</strong></span> <span class='ocrx_word' id='word_1_230' title='bbox 413 4127 480 4205; x_wconf 83' lang='lat'><strong>596.</strong></span> <span class='ocrx_word' id='word_1_231' title='bbox 741 4124 830 4184; x_wconf 85' lang='lat' dir='ltr'><strong>aliter</strong></span> <span class='ocrx_word' id='word_1_232' title='bbox 850 4121 961 4201; x_wconf 80' lang='lat' dir='ltr'><strong>legitur</strong></span> <span class='ocrx_word' id='word_1_233' title='bbox 981 4127 1014 4183; x_wconf 77' lang='grc' dir='ltr'><strong>τὰ</strong></span> <span class='ocrx_word' id='word_1_234' title='bbox 1035 4123 1087 4195; x_wconf 73' lang='grc' dir='ltr'><strong>ἰδίᾳ</strong></span> <span class='ocrx_word' id='word_1_235' title='bbox 1107 4119 1122 4194; x_wconf 72' lang='grc' dir='ltr'><em>ἢ</em></span> <span class='ocrx_word' id='word_1_236' title='bbox 1143 4122 1245 4197; x_wconf 72' lang='grc' dir='ltr'><strong>αὐτῷῆ</strong></span> 
     </span>
     <span class='ocr_line' id='line_1_34' title="bbox 232 4199 1244 4288; baseline -0.011 -21"><span class='ocrx_word' id='word_1_237' title='bbox 232 4219 244 4244; x_wconf 85' lang='lat'><em>¹</em></span> <span class='ocrx_word' id='word_1_238' title='bbox 267 4209 371 4288; x_wconf 62' lang='lat' dir='ltr'><strong>Odys&amp;</strong></span> <span class='ocrx_word' id='word_1_239' title='bbox 388 4223 421 4267; x_wconf 89' lang='grc' dir='ltr'><strong>θ.</strong></span> <span class='ocrx_word' id='word_1_240' title='bbox 439 4211 486 4282; x_wconf 85' lang='grc'><strong>83.</strong></span> <span class='ocrx_word' id='word_1_241' title='bbox 741 4209 829 4284; x_wconf 69' lang='grc' dir='ltr'><strong><em>ἐκείνῳ</em></strong></span> <span class='ocrx_word' id='word_1_242' title='bbox 852 4199 1096 4281; x_wconf 57' lang='grc' dir='ltr'><strong><em>προσόντα-δώ</em></strong></span> <span class='ocrx_word' id='word_1_243' title='bbox 1122 4203 1244 4258; x_wconf 76' lang='lat' dir='ltr'><strong>tantun·</strong></span> 
     </span>
     <span class='ocr_line' id='line_1_35' title="bbox 227 4286 880 4348; baseline -0.005 -2"><span class='ocrx_word' id='word_1_244' title='bbox 227 4297 239 4332; x_wconf 79' lang='lat'><strong><em>⁷</em></strong></span> <span class='ocrx_word' id='word_1_245' title='bbox 265 4288 343 4348; x_wconf 82' lang='lat' dir='ltr'><strong>Ibid.</strong></span> <span class='ocrx_word' id='word_1_246' title='bbox 361 4300 391 4347; x_wconf 88' lang='lat' dir='ltr'><strong>x.</strong></span> <span class='ocrx_word' id='word_1_247' title='bbox 411 4308 436 4348; x_wconf 90' lang='lat'><strong>1.</strong></span> <span class='ocrx_word' id='word_1_248' title='bbox 742 4286 809 4346; x_wconf 88' lang='lat' dir='ltr'><strong>dem</strong></span> <span class='ocrx_word' id='word_1_249' title='bbox 824 4291 880 4344; x_wconf 85' lang='lat' dir='ltr'><strong>est.</strong></span> 
     </span>
    </p>
   </div>
   <div class='ocr_carea' id='block_1_9' title="bbox 0 0 1540 4902">
    <p class='ocr_par' dir='ltr' id='par_1_18' title="bbox 0 0 1540 4902">
     <span class='ocr_line' id='line_1_36' title="bbox 0 0 1540 4902; baseline 0 0"><span class='ocrx_word' id='word_1_250' title='bbox 0 0 1540 4902; x_wconf 95' lang='lat' dir='ltr'><strong> </strong></span> 
     </span>
    </p>
   </div>
  </div>
 </body>
</html>
