3058 4908
283 303 349 368 256
551 311 765 361 rrsrncrro
784 312 1079 372 necrus-omnm.

283 462 399 558 magis
427 461 595 559 praesenti
616 461 764 535 numine
790 485 830 535 se
853 459 1044 535 ostendere
1056 493 1066 550 ;
1095 462 1235 536 creteris
1257 463 1338 538 Diis

282 580 479 652 solenniter
502 579 743 652 denunciatur
766 601 812 650 ne
837 600 918 651 sese
943 602 1075 673 pugnae
1097 578 1335 653 immisceant.

281 696 410 793 Itaque
437 703 620 770 certamen
645 719 712 791 per
738 694 932 767 maximam
959 696 1030 768 diei
1056 703 1197 792 portem
1225 697 1337 772 dubio

281 819 416 887 eventu
440 819 686 886 sustentatum
703 834 779 884 uno
800 818 865 885 aut
881 813 997 884 altero
1014 837 1122 886 versu
1139 815 1336 910 peragitur,

282 938 325 1004 ut
343 932 388 1004 ad
406 931 546 1003 exitum
564 929 642 1025 ejus
666 953 704 1001 se
721 928 883 1001 conserat
900 927 1022 1016 Poeta,
1040 929 1105 1002 ubi
1123 930 1338 1004 urceorum

280 1047 398 1120 virtus
415 1053 453 1120 et
469 1047 665 1120 Diomedes
688 1045 765 1141 ipse
785 1045 886 1118 irrito
909 1047 1099 1120 conamine
1117 1049 1235 1143 lapsas
1253 1073 1336 1121 suo-
1474 1053 1486 1072 '

280 1189 363 1237 rum
387 1188 445 1237 res
470 1164 605 1259 erigere
635 1159 729 1262 saepe
755 1187 958 1258 aggressus,
983 1188 1076 1259 aegre
1101 1165 1250 1237 tandem
1272 1165 1334 1237 ad-

281 1305 386 1354 verso
401 1281 487 1353 Jovi
511 1288 548 1353 et
566 1281 715 1354 Hectori
731 1279 837 1353 Jovis
860 1280 1021 1377 auspicia
1040 1281 1203 1354 insecuto
1225 1282 1332 1369 oedit,

280 1410 390 1497 atque
415 1400 505 1472 adeo
531 1399 688 1472 secunda
714 1406 797 1494 post
823 1405 988 1472 amotum
1006 1399 1189 1472 Achillem
1210 1424 1334 1496 pugna

281 1516 397 1588 victor
424 1539 555 1612 campo
585 1513 725 1617 potitur
750 1511 890 1586 Hector
920 1524 958 1585 et
985 1537 1097 1587 naves
1125 1514 1335 1588 Graecorum

279 1631 485 1729 insequenti
503 1654 609 1702 mane
627 1629 760 1703 adoriri
777 1639 880 1726 parat
893 1660 957 1702 :—

440 1785 543 1856 Τρωσὶν
555 1784 603 1852 μέν
615 1780 645 1855 ῤ’
660 1781 783 1838 ἀέκουσιν
795 1783 840 1836 ἔδυ
853 1783 931 1852 φάος,
945 1783 1027 1855 αὖτᾶρ
1042 1780 1159 1854 Ἀχαιοῖς

445 1879 588 1949 Ἀσπασέη,
601 1881 766 1952 τριἊλιστος,
780 1877 894 1947 ἐπήλυθε
907 1879 955 1948 νὺξ
969 1879 1090 1952 ἐρεβεννὴ
1099 1884 1115 1935 ’.

330 2020 372 2092 L.
393 2023 426 2096 9.
456 2019 500 2092 ln
517 2043 615 2096 nouo
639 2017 751 2114 igitur
766 2018 1083 2113 Agamemnonem
1101 2015 1335 2093 confitentem

281 2137 405 2224 habes,
424 2146 461 2209 et
478 2136 677 2233 desperatis
698 2135 774 2232 jam
791 2135 900 2208 rebus
924 2136 970 2208 ad
989 2135 1142 2210 Achillis
1160 2161 1279 2234 genna
1296 2163 1337 2210 se

281 2254 493 2350 provolvere
511 2263 679 2350 paratum
691 2283 753 2324 :-

443 2403 506 2461 Ζεῦς
518 2426 550 2473 με
563 2405 630 2475 μέγα
645 2404 769 2475 Κρονίδην
781 2403 828 2472 ἄτῃ
842 2403 948 2470 ἐνέδησε
961 2403 1080 2476 βαριέη’.

437 2523 573 2594 Ἀασιίμην
585 2523 641 2580 ott’
655 2525 732 2581 αὐτὸς
745 2523 878 2594 ἀναίνομαι
886 2521 905 2578 ³.

281 2649 448 2723 Solennis
465 2650 576 2746 igitur
585 2649 718 2747 legatio
730 2650 776 2722 ad
789 2650 1068 2747 supplicandum
1078 2650 1261 2724 Achillem
1272 2651 1336 2723 de-

280 2766 451 2855 cernitur,
471 2769 509 2840 iu
526 2791 599 2865 qua
621 2792 709 2840 cum
731 2767 848 2864 ipsius
870 2778 976 2840 atrox
998 2773 1109 2864 atque
1133 2765 1350 2842 obduratus‘

281 2884 424 2957 animus
447 2909 486 2957 se
506 2884 671 2972 effundit,
692 2895 773 2957 tum
789 2883 901 2956 etiem
926 2882 1083 2958 istorum
1100 2885 1164 2981 qui
1187 2885 1337 2982 legatio

281 3024 366 3072 nem
384 3001 523 3073 obeunt
539 3001 601 3073 vix
619 3002 741 3096 dispar
757 3006 814 3074 est
830 2999 935 3074 ratio.
971 2999 1070 3075 Hinc
1089 3001 1233 3099 Ulyssis
1251 3003 1337 3076 sub·

282 3118 374 3189 dolae
391 3118 608 3214 eloquentiae
631 3117 773 3192 occasio
791 3117 909 3204 datur,
928 3117 1014 3190 hinc
1031 3117 1155 3214 Ajaois
1171 3119 1334 3206 terociae,

281 3239 318 3306 et
344 3233 440 3306 senis
466 3235 575 3307 etiam
593 3233 778 3308 Phoenicis
805 3233 959 3308 orationi
985 3260 1131 3309 morum
1156 3242 1268 3332 atque
1284 3237 1336 3309 as-

281 3351 400 3425 lectus
429 3351 647 3448 plenissimae
659 3384 668 3440 ;
701 3351 789 3448 quin
820 3358 856 3425 et
881 3351 1051 3426 ultimam
1076 3352 1163 3425 moli
1187 3377 1337 3426 causam

280 3467 431 3565 Ulysses
448 3468 625 3565 respicere
643 3469 798 3557 videtur,
817 3468 882 3542 ubi
899 3469 944 3541 de
967 3467 1112 3564 ingenio
1130 3469 1281 3542 Achillis
1298 3483 1337 3544 et

282 3585 327 3658 de
344 3584 522 3659 mandatis
543 3586 658 3682 patris
676 3585 775 3659 Pelei
800 3591 838 3659 et
862 3585 1107 3659 sollicitudine
1130 3585 1209 3682 ejus
1226 3587 1339 3660 verba

280 3701 376 3774 tecit.
418 3700 552 3774 Perum
569 3709 627 3775 est
644 3707 740 3775 certe
758 3700 871 3798 Epico
890 3701 1012 3777 Poetae
1036 3703 1133 3775 inter
1149 3723 1337 3776 armorum

281 3819 474 3915 strepitum
493 3820 639 3908 versari,
659 3818 728 3892 nisi
753 3825 791 3892 et
816 3819 878 3892 illa
903 3819 1064 3916 attigerit
1080 3845 1161 3917 quae
1187 3819 1226 3892 in
1250 3845 1337 3893 con-

281 3935 372 4008 ciliis
399 3943 436 4007 et
464 3936 654 4032 colloquiis
681 3936 845 4008 virorum
873 3959 911 4008 se
941 3937 1112 4033 produnt.
1166 3935 1338 4010 Redeunt

283 4059 408 4124 eutem
426 4052 552 4148 legati
571 4077 608 4125 re
625 4054 769 4127 insecta.

331 4168 372 4240 L.
390 4170 446 4241 10.
474 4169 606 4267 Itaque
623 4170 776 4245 concilio
793 4193 920 4244 rursus
936 4193 1001 4266 per
1017 4169 1174 4244 mediam
1191 4177 1340 4244 noctem

321 4341 331 4364 ‘
352 4331 397 4390 Il.
414 4345 446 4391 θ.
462 4337 530 4412 487.
667 4359 675 4392 r
715 4345 726 4375 ¹
746 4334 824 4418 ibid.
841 4350 860 4396 Ι.
882 4337 925 4394 18.
1107 4339 1116 4370 ⁸
1136 4335 1210 4398 lbid.
1232 4337 1297 4398 116.
