3058 4908
459 359 676 410 rnmtrorro
695 357 1002 420 arcius-cuam.
1205 347 1270 412 239

212 509 304 584 tutis
317 509 492 584 Achilles.
524 510 712 598 Praeterea,
726 511 764 583 id
778 511 876 607 quod
889 511 1099 597 maximum,
1112 519 1167 583 est
1186 535 1267 607 pcr-

214 651 385 701 sonarum
408 638 446 701 et
471 651 612 701 morum
637 627 846 700 differentiis
869 628 1111 724 exprimendis
1129 627 1269 701 deesset

212 745 315 818 locus
343 755 380 818 et
407 745 561 832 occasio,
590 744 722 842 quibus
750 754 870 817 tamen
899 744 1187 818 demonstrandis
1214 743 1269 817 in-

214 860 327 936 servit
350 861 499 949 Fabula,
523 868 562 934 et
586 863 668 934 tum
694 859 769 933 veri
795 860 901 957 pretii
927 867 994 949 est,
1020 885 1104 934 cum
1129 860 1270 934 Ethicee

214 979 413 1075 disciplinae
430 1002 535 1076 quam
555 977 727 1051 latissime
745 987 856 1074 patet.
906 978 951 1050 In
968 977 1067 1051 urbis
1084 1003 1269 1076 expugna·

213 1096 315 1168 tione
334 1118 459 1167 omnes
481 1095 554 1168 sere
576 1092 672 1192 idem
690 1106 816 1190 agunt,
836 1095 926 1167 adeo
943 1101 987 1167 ut
1009 1095 1125 1168 unicae
1148 1118 1269 1166 rerum

215 1210 449 1308 descriptioni
473 1212 575 1286 locus
601 1212 661 1300 sit,
688 1237 769 1308 quae
794 1211 969 1310 quantillo
994 1237 1077 1309 pars
1103 1218 1160 1284 est
1185 1212 1268 1284 sub·

213 1328 366 1402 limioris
394 1327 549 1402 Poeseos
577 1352 686 1402 nemo
714 1354 789 1402 non
823 1329 924 1403 videt
951 1330 1014 1426 qui
1041 1329 1079 1402 iu
1106 1334 1269 1401 veterum

216 1444 359 1543 scriptis
376 1453 552 1519 versatur.
605 1444 688 1520 Hoc
706 1446 891 1519 Homerus
910 1457 983 1519 tam
1000 1446 1145 1542 penitus
1163 1445 1270 1518 intel-

215 1562 317 1651 lexit,
335 1569 380 1636 ut
402 1563 441 1635 in
459 1561 625 1659 Odyssea
650 1587 717 1636 sua
733 1564 797 1636 vix
820 1588 980 1662 unquam
1002 1562 1165 1660 Episodii
1190 1564 1270 1636 loco

216 1679 310 1752 hanc
336 1679 423 1754 belli
450 1690 592 1776 partem
618 1688 783 1776 usurpet,
812 1705 929 1777 neque
955 1704 1117 1777 unquam
1144 1679 1183 1752 in
1209 1680 1272 1752 illa

216 1795 280 1868 diu
304 1797 529 1870 immoretur.
581 1796 630 1869 Et
655 1804 752 1870 certe
773 1796 835 1870 vix
861 1822 903 1871 ea
928 1808 1005 1872 erat
1030 1822 1174 1871 morum
1201 1796 1270 1870 dis-

217 1911 345 1985 tinctio
375 1937 455 2010 quae
481 1913 681 2010 Tregoediae
711 1915 911 2009 sufficeret3
941 1922 985 1988 ut
1014 1940 1059 1988 ex
1088 1913 1270 2010 Euripidis

108 2119 112 2124 Ι
216 2029 349 2103 fabulis
375 2055 456 2127 quae
483 2028 634 2105 Hecuba
662 2039 699 2104 et
721 2031 882 2106 Troades
908 2032 1156 2106 inscribuntur
1182 2031 1270 2105 satis

215 2156 326 2243 patet.
370 2145 546 2244 Virgilius
563 2150 626 2245 qui
644 2149 682 2221 in
700 2174 775 2222 uno
793 2150 885 2223 libro
903 2151 998 2226 hanc
1014 2173 1089 2224 rem
1107 2148 1270 2234 inclusit,

215 2262 380 2362 prodigia
404 2270 529 2337 tamen
556 2264 760 2354 admiscuit,
790 2267 909 2364 qualia
939 2278 1026 2340 sunt
1052 2265 1271 2340 Laocoontis

218 2403 328 2468 mors,
347 2391 385 2454 et
411 2391 539 2454 caetera
564 2381 711 2456 minoris
737 2389 834 2456 notae
860 2390 1039 2480 portenta.
1094 2381 1165 2456 Sed
1192 2381 1272 2455 Ho-

217 2521 318 2570 mero
336 2497 561 2594 desumenda
581 2505 659 2571 erat
680 2498 802 2572 sabula
820 2525 899 2597 quae
923 2523 997 2572 non
1013 2496 1213 2572 formidinis
1235 2506 1272 2572 et

218 2615 347 2710 stragis
364 2617 472 2712 plena
489 2615 546 2703 sit,
568 2616 630 2690 sed
647 2615 686 2688 in
704 2637 777 2714 qua
793 2615 878 2690 vitae
902 2616 1071 2689 humanae
1088 2616 1273 2711 exemplar
1348 2676 1349 2684 ,

215 2732 464 2829 repraesentari
490 2733 617 2830 possit.
669 2733 901 2831 Quapropter
931 2733 1113 2829 sapienter
1142 2731 1272 2805 statuit

217 2874 264 2923 ex
293 2850 412 2924 medio
442 2850 526 2924 belli
555 2857 695 2948 partem
722 2853 883 2948 aliquam
913 2851 981 2924 sibi
1011 2849 1273 2946 decerpendam

217 2991 308 3056 esse,
329 2991 409 3065 quae
435 2991 552 3065 neque
574 2967 613 3041 in
639 2993 678 3042 se
699 2993 812 3065 parva
834 2979 941 3057 esset,
960 2992 1076 3065 neque
1093 2992 1136 3041 ea
1157 2968 1273 3041 incre·

217 3093 343 3159 menta
366 3091 559 3175 recusaret,
586 3112 667 3185 quae
694 3086 873 3160 destinato
900 3086 1000 3185 operi
1025 3086 1272 3176 convenirent,

218 3227 300 3300 quae
321 3201 524 3277 istiusmodi
548 3204 608 3291 sit,
628 3208 671 3277 ut
693 3211 885 3301 augeretur
909 3206 1033 3302 potius
1051 3204 1171 3278 Poetae
1188 3205 1274 3278 arti-

216 3320 301 3393 ficio
329 3343 439 3414 quem
468 3320 581 3394 nimia
610 3346 677 3395 sua
708 3323 803 3396 mole
833 3323 937 3397 illum
967 3321 1150 3396 obrueret.
1202 3321 1273 3395 Dc·

218 3437 352 3533 serpsit
368 3444 492 3510 autem
509 3437 577 3511 sibi
600 3438 814 3535 particulam
838 3440 958 3528 istam,
978 3465 1059 3537 quaa
1079 3463 1164 3512 cum
1186 3463 1273 3536 pau-

218 3578 347 3627 corum
364 3553 412 3626 sit
433 3554 575 3630 dierum
598 3562 720 3630 tamen
741 3558 779 3630 in
800 3582 839 3632 se
864 3559 949 3632 belli
976 3543 1157 3631 summam
1174 3555 1274 3627 vide-

177 3691 182 3698 *
217 3675 282 3743 tur
298 3670 566 3767 quodammodo
593 3673 792 3761 continere,
811 3699 856 3747 ex
874 3674 989 3747 altera
1014 3679 1118 3771 parte
1144 3670 1275 3768 princi-

217 3788 320 3885 pium
348 3797 384 3861 et
412 3787 588 3886 originem
616 3790 693 3886 ejus
720 3791 885 3887 proxime
906 3797 1071 3886 tangens,
1094 3812 1139 3860 ex
1163 3788 1276 3860 altera

219 3906 267 3979 ad
296 3906 438 3979 exitum
472 3909 550 4003 ejus
585 3915 761 4006 tanquam
795 3910 841 3982 ad
872 3932 1023 4003 scopum
1053 3912 1151 3980 recte
1178 3905 1277 3978 oolli-

219 4059 333 4110 mans.
384 4035 452 4109 Est
470 4036 617 4134 quidem
635 4039 749 4112 totius
766 4038 818 4112 rei
837 4024 949 4129 ἀκμὴ.
994 4035 1175 4134 Principio
1193 4035 1278 4110 belli

219 4153 336 4227 affinis
362 4159 428 4242 est,
448 4155 620 4248 quoniam
645 4156 815 4242 nonnisi
843 4154 983 4229 decimo
1009 4180 1105 4229 anno
1131 4179 1177 4229 ex
1195 4153 1277 4228 Cal-

215 4261 558 4345 chantisvatieinio
588 4273 700 4344 finem
729 4274 897 4350 laborum
928 4296 1077 4347 suorum
1107 4282 1274 4369 expecta-

215 4388 306 4461 bant
330 4387 459 4476 Graeci‚
482 4393 612 4463 eaetera
634 4396 738 4463 eraut
760 4389 843 4464 belli
867 4390 1042 4487 praeludia
1054 4421 1064 4479 ;
1091 4390 1136 4464 ad
1159 4386 1274 4461 totius
