3058 4908
294 343 362 408 2⁷4
570 347 782 400 rmurorro
799 345 1073 396 oretur-orm

295 499 421 599 quitur
439 506 616 595 tanquam
642 499 738 571 inter
764 495 917 594 pusillos
939 505 978 569 et
1004 491 1164 592 plebeios
1183 491 1355 564 homines

295 620 352 692 vir
376 641 527 714 magnus
553 617 690 690 virtute
715 623 753 689 et
778 616 915 687 meritis
940 613 1073 710 gravia,
1100 623 1277 708 tanquam
1292 610 1353 682 vir

295 734 480 808 continuis
517 733 701 807 laboribus
738 744 776 805 et
809 731 978 829 periculis
1017 729 1247 814 exercitatus,
1272 727 1352 824 jam

295 878 395 927 nunc
420 852 530 925 etiam
555 853 736 925 malorum
761 851 908 925 cumulo
933 872 1139 946 oppressus,
1158 847 1257 920 haud
1281 870 1352 919 un·

295 996 405 1069 quam
423 979 547 1045 tamen
564 971 742 1043 infractus
758 967 888 1042 animis
906 967 1035 1040 elfato
1052 991 1120 1040 suo
1138 966 1258 1038 minor
1268 996 1334 1038 :—

479 1131 488 1186 r'
500 1154 521 1187 π
541 1136 624 1194 ’τους
638 1133 665 1185 τί
695 1128 703 1150 ’
717 1132 816 1198 ἔπειτα,
831 1131 858 1184 τί
871 1129 894 1184 δ’
908 1130 1033 1184 ὑστάτων
1045 1127 1190 1195 καταλέξω,

297 1353 421 1427 Multa
446 1353 556 1427 etiam
583 1359 669 1425 sunt
697 1375 777 1447 qnae
805 1351 891 1425 huic
918 1350 1094 1447 agnitioni
1120 1354 1286 1446 praeeunt
1314 1353 1354 1421 et

298 1496 380 1545 eam
401 1477 549 1566 augent.
600 1467 759 1566 Jamque
784 1468 831 1539 ad
847 1467 1017 1564 Ulyssem
1035 1491 1153 1539 unum
1177 1490 1353 1538 converso

300 1587 463 1661 lectoris
481 1586 603 1659 animo
620 1585 738 1680 longae
756 1585 817 1657 isti
834 1609 945 1682 quam
963 1609 1071 1681 supra
1088 1584 1278 1679 attigimus
1296 1607 1354 1654 er·

298 1729 423 1777 rorum
459 1728 610 1777 suorum
642 1700 840 1774 narrationi
875 1701 1015 1774 occasio
1049 1700 1168 1787 datur,
1203 1700 1249 1773 de
1282 1723 1356 1795 qua

298 1821 412 1918 siquis
447 1819 594 1917 objiciat
628 1819 779 1891 nimiam
813 1843 954 1892 moram
988 1817 1136 1891 Actioni
1172 1815 1355 1912 interponi

298 1937 391 2010 illud
407 1937 553 2011 Alcinoi
571 1935 727 2010 sufficiat
742 1935 842 2032 quod
859 1936 1076 2033 respondeas
1089 1967 1153 2008 :-

458 2091 509 2146 Kal
522 2113 566 2146 :rr
578 2092 605 2148 ἐς
618 2087 655 2160 rici
668 2091 725 2145 δῖαν
739 2090 911 2161 ἀνασχοίμην,
926 2091 969 2144 ὅτε
983 2112 1028 2161 μοι
1041 2091 1078 2144 σὺ

455 2191 553 2258 Τλαίης
566 2189 595 2242 r’v
606 2190 712 2263 μεγάρῳ
724 2189 757 2242 rrl
770 2189 807 2243 ori
821 2187 899 2257 κὴδεα
910 2186 1081 2257 μυθήσασθαι
1094 2192 1116 2243 ¹².

351 2313 405 2390 At
431 2317 540 2390 etiam
569 2315 786 2389 laboriosam
814 2315 958 2412 Ulyssis
985 2314 1100 2388 vitam
1129 2314 1209 2388 haec
1234 2315 1358 2390 omnia

299 2431 510 2529 respiciunt,
529 2440 568 2506 et
590 2439 845 2529 portentorum
861 2438 899 2504 et
916 2432 1121 2505 fabularum
1137 2432 1358 2528 locupletem

300 2548 443 2647 copiam
460 2551 571 2623 habes
594 2574 676 2645 quae
693 2557 784 2623 tuno
810 2549 984 2646 temporis
1010 2549 1132 2646 magni
1157 2555 1261 2622 erant
1277 2573 1357 2621 mo·

300 2667 415 2740 menti
431 2673 466 2740 et
485 2690 637 2740 summae
654 2665 915 2754 aestimationis‚
935 2691 1004 2740 nec
1021 2690 1104 2738 vero
1124 2667 1239 2739 etiam
1255 2689 1356 2739 nunc

301 2808 369 2858 suo
387 2809 457 2857 usu
475 2793 512 2857 et
530 2794 721 2858 venustate
739 2794 874 2858 carent.

353 2900 523 2974 Sirenum
541 2925 649 2976 voces
666 2911 704 2975 et
720 2899 845 2975 Circes
864 2901 996 2997 pocula
1012 2901 1123 2973 nosti.

354 3018 689 3103 9—12.Quatu0r
723 3018 877 3115 denique
910 3017 1040 3092 Libros
1073 3018 1152 3092 haec
1184 3017 1359 3092 Narratio

301 3134 473 3231 complet.
526 3135 570 3208 In
603 3131 679 3207 13ιίο
708 3135 876 3208 Phaeaces
905 3159 973 3231 pro
998 3159 1064 3207 sun
1097 3134 1361 3208 consuetudine

302 3273 371 3323 nec
393 3249 470 3324 sine
496 3275 641 3325 summa
665 3252 896 3326 observantia
920 3258 957 3325 et
981 3250 1211 3326 miseratione
1236 3249 1361 3348 magni

303 3366 361 3439 sui
378 3367 531 3465 hospitis
549 3367 721 3465 Ulyssem
744 3369 784 3442 iu
808 3368 964 3465 patriam
990 3367 1183 3441 reducunt.
1237 3369 1360 3464 Atque

303 3483 383 3558 haec
406 3484 528 3557 omnin
552 3487 622 3559 rite
645 3493 754 3584 atque
777 3485 902 3558 ordine
927 3490 1163 3582 peraguntur,
1182 3485 1247 3558 sed
1271 3509 1361 3558 cum

303 3601 408 3674 illum
426 3625 556 3675 somno
574 3627 720 3698 gravem
739 3627 858 3701 neque
879 3603 1019 3676 reditus
1041 3602 1099 3676 sui
1115 3603 1301 3676 conscium
1318 3601 1360 3675 in

304 3722 439 3790 terram
459 3717 586 3791 furtim
608 3720 742 3816 exponi
765 3719 871 3816 fingit
898 3719 1021 3808 Poeta,
1039 3719 1239 3792 immiscuit
1260 3723 1361 3792 certe

303 3843 411 3918 istius
441 3845 541 3941 quod
574 3835 718 3937 ἄλογον
751 3856 858 3919 vocat
886 3845 1108 3919 Aristoteles
1141 3844 1362 3942 particulam

305 3983 382 4033 non
398 3961 527 4049 levem,
546 3985 612 4034 nec
629 3985 716 4033 vero
740 3961 812 4034 hoc
838 3971 973 4034 temere
997 3967 1062 4034 aut
1078 3961 1181 4034 nullo
1198 3959 1361 4033 consilio.

305 4075 390 4148 Jam
403 4078 501 4150 enim
514 4079 613 4152 solus
630 4079 778 4175 pmpria
790 4077 925 4151 virtute
943 4078 1117 4174 patientia
1133 4087 1170 4150 et
1186 4076 1367 4150 indomita

305 4199 429 4266 mente
456 4195 571 4268 fretus
599 4219 674 4268 non
700 4195 818 4268 alieno
846 4193 980 4269 auxilio
1006 4195 1192 4268 revisurus
1218 4205 1276 4268 est
1298 4194 1368 4267 do·

426 4380 440 4410 ⁰
461 4371 564 4448 Odyrc.
577 4385 597 4431 1.
616 4391 662 4446 ¹4·
994 4383 1008 4416 ⁹
1027 4373 1107 4434 Ibin
1122 4389 1154 4434 Δ.
1172 4393 1239 4454 374.
