3058 4902
245 265 312 329 aot
471 273 684 323 rnnnsorro
711 271 1066 322 mosoma-saonam.

242 424 356 523 ipsius
373 425 480 497 verba
507 429 604 495 sunt.
657 421 800 494 Interea
821 420 950 495 sedulo
973 428 1164 494 conservat
1181 422 1298 495 Poeta

243 541 350 614 istam
367 566 476 638 quam
495 565 539 612 ex
558 539 679 612 sabula
699 539 862 635 personis
879 540 980 612 bisce
997 540 1192 636 praestituit
1210 564 1297 612 nor·

243 681 353 731 mam.
396 656 551 730 Achillis
569 655 779 728 violentiam
797 662 836 727 et
853 656 1141 750 Agamemnonis
1157 657 1295 728 sastum

243 799 429 872 nunquam
445 801 488 847 ex
507 779 704 870 conspectu
714 773 808 844 elabi
824 774 973 868 patitur,
986 773 1048 845 sed
1060 797 1298 869 quascunque

242 901 379 991 partes,
392 895 514 979 verba,
534 899 599 964 aut
614 897 718 986 gesta
735 891 879 989 utrique
896 892 1043 976 tribuat,
1063 917 1108 964 ex
1126 891 1224 965 hisce
1242 893 1296 964 al·

242 1011 397 1084 sentibus
411 1018 542 1083 caetera
554 1020 618 1082 aut
635 1007 854 1104 proveniunt
870 1019 934 1080 aut
952 1033 1038 1080 oum
1055 1009 1126 1081 illis
1141 1033 1297 1082 eonsen-

241 1128 352 1200 tiunt.
397 1127 496 1199 Idem
515 1128 552 1198 in
572 1125 737 1222 Odyssea
755 1124 885 1198 statuit
901 1123 939 1196 in
957 1125 1118 1198 medium
1136 1130 1297 1221 prolerre

242 1245 443 1341 prudentiae
461 1243 675 1316 constantia
692 1249 729 1342 qt
745 1241 969 1314 fortitudinis
995 1243 1181 1338 exemplar
1198 1244 1298 1314 varia

243 1359 400 1434 sortunoe
418 1359 618 1433 exercitatae
635 1371 672 1430 et
697 1383 762 1454 per
779 1359 878 1430 mille
896 1382 1017 1430 rerum
1035 1358 1242 1431 discrimina
1258 1370 1298 1431 et

242 1477 401 1573 pericula
430 1486 468 1549 et
493 1476 711 1548 domesticos
737 1476 921 1547 tumultus
950 1475 1102 1548 feliciter
1124 1499 1163 1547 se
1188 1500 1296 1571 expe-

243 1593 386 1667 dientis.
432 1593 561 1689 Itaque
577 1617 619 1665 ax
639 1591 809 1664 heroibus
827 1591 889 1689 qui
908 1591 946 1664 in
965 1593 1125 1688 Trojano
1144 1592 1240 1665 bello
1258 1601 1298 1666 et

243 1711 280 1784 in
298 1711 409 1785 Iliade
435 1713 568 1808 primas
594 1720 714 1807 partes
731 1710 901 1783 tulissent
926 1734 1011 1783 eum
1038 1710 1172 1806 delegit
1191 1711 1297 1806 cujus

243 1829 430 1925 ingenium
449 1835 486 1900 et
501 1828 614 1901 animi
632 1827 778 1899 babitus
794 1833 852 1900 tot
868 1827 1053 1900 laboribus
1067 1829 1296 1900 exantlandis

244 1970 318 2018 non
343 1945 456 2042 inepti
483 1952 614 2019 essent.
667 1944 792 2018 Prodit
822 1944 911 2017 adeo
942 1955 980 2017 et
1010 1969 1131 2017 coram
1162 1947 1298 2017 lectore

245 2073 387 2146 sistitur
418 2066 437 2143 ὁ
465 2064 618 2164 τλήμων
641 2059 838 2159 Ὀδυσεὺς,
857 2081 895 2146 et
924 2096 991 2146 sua
1013 2072 1135 2146 indole
1162 2084 1200 2145 et
1223 2073 1296 2145 Mi·

243 2214 361 2262 nervae
386 2189 554 2285 praesidio
579 2197 683 2262 tanto
708 2188 808 2262 oneri
830 2190 1044 2263 sustinendo
1067 2214 1142 2261 non
1165 2189 1295 2286 impar.

243 2305 288 2378 In
310 2304 409 2378 hisce
428 2310 551 2401 itaque
573 2304 746 2401 exemplis
767 2305 877 2400 juxta
897 2315 1118 2402 praeceptum
1142 2329 1186 2378 ea
1209 2331 1297 2378 oon-

244 2421 394 2518 finm'tur
405 2446 560 2519 persona
575 2421 734 2494 hominis
751 2445 832 2517 quae
851 2422 980 2496 sabulae
997 2422 1191 2495 inserviat:
1216 2447 1296 2518 qum

244 2546 451 2636 sequuntur
476 2550 598 2611 antem
626 2563 770 2612 morum
803 2545 913 2636 atque
946 2537 1144 2612 affectuum
1173 2540 1296 2612 discri-

245 2658 355 2744 mina,
392 2681 477 2729 cum
512 2655 555 2728 iis
590 2653 652 2752 qui
685 2657 804 2753 primo
838 2656 1083 2751 proferuntur,
1115 2665 1152 2728 et
1185 2681 1297 2752 penes

245 2800 336 2872 quos
365 2774 480 2848 totius
509 2797 672 2869 personae
698 2773 928 2846 moderamen
955 2779 1023 2859 est,
1051 2775 1295 2847 consentiunt.

246 2890 331 2962 Sive
348 2901 470 2962 autem
490 2889 535 2961 ad
553 2889 683 2961 sabulae
708 2911 798 2960 usus
824 2911 888 2960 seu
911 2889 958 2960 ad
984 2912 1091 2961 sunm
1108 2889 1296 2961 arbitrium

245 3030 483 3103 personarum
508 3006 687 3078 delectum
705 3003 829 3078 iecerit
845 3003 958 3078 Poeta
979 3006 1195 3078 tantundem
1214 3013 1294 3079 est:

245 3151 289 3197 ex
309 3124 415 3198 variis
433 3121 621 3197 elementis
641 3123 862 3196 multimodis
885 3123 1044 3218 confingi
1061 3131 1215 3220 possunt
1233 3125 1296 3196 sed

246 3243 310 3315 ubi
328 3243 438 3314 semel
456 3241 609 3314 sormam
633 3264 737 3313 suam
755 3252 791 3313 et
815 3239 1048 3314 stabilitatem
1067 3241 1206 3338 adeptae
1222 3241 1297 3312 fue-

245 3360 319 3432 rint
337 3358 526 3456 proprium
539 3358 673 3430 habent
691 3357 812 3430 locum
830 3364 867 3429 et
884 3357 1015 3453 agendi
1027 3357 1135 3430 vices
1159 3357 1298 3429 AEtatis

244 3476 357 3549 etiam
375 3476 542 3548 habenda
558 3485 613 3548 est
632 3474 733 3546 ratio.
781 3473 926 3547 Etenim
944 3473 1049 3547 anuis
1066 3474 1299 3547 volventibus

245 3599 504 3689 permutantur
532 3591 694 3687 ejusdem
725 3590 883 3664 hominis
913 3615 1046 3678 mores,
1075 3589 1136 3662 alii
1164 3591 1297 3662 sensim

246 3720 471 3795 accrescunt,
507 3710 569 3781 alii
602 3714 757 3805 pereunt
790 3718 827 3780 et
861 3707 1080 3781 dilabuntur.
1134 3705 1299 3802 Hujusee

243 3826 350 3899 etiam
369 3824 421 3898 rei
439 3823 726 3898 convenientiam
744 3823 929 3896 Homerus
946 3822 1111 3920 religiose
1128 3824 1296 3896 servavit.

246 3942 347 4016 Dum
371 3942 602 4039 pmdentiam
628 3941 665 4013 in
692 3941 782 4012 duas
804 3947 924 4037 partes
951 3940 1147 4028 distribuit,
1167 3941 1298 4013 nativae

246 4061 402 4133 solertiae
420 4068 457 4132 et
475 4057 681 4132 calliditatis
698 4059 841 4130 laudem
859 4057 954 4130 virili
971 4064 1009 4130 et
1032 4069 1182 4131 maturae
1199 4057 1298 4129 aetati

244 4176 308 4250 sed
337 4177 457 4249 adhuo
486 4176 630 4249 florenti
659 4186 696 4248 et
723 4174 859 4247 viribus
887 4173 1036 4270 integras
1066 4173 1206 4260 tribuit,
1237 4198 1295 4246 ex-

248 4292 433 4387 perientiae
450 4293 642 4386 gnandaevo
661 4291 748 4364 seni.
790 4292 930 4364 Rursus
943 4290 1175 4388 juventutem
1193 4315 1296 4364 suam
