3096 4886
298 323 341 385 70
633 341 849 390 rnAErncrro
872 344 1027 402 ornari.

297 488 469 562 mochum
485 490 660 581 provocat
677 485 841 582 Ulysses‚
861 511 971 584 seque
994 487 1046 560 illi
1068 489 1197 562 robore
1220 494 1258 561 et
1274 497 1353 560 arte

296 630 421 703 parem
450 601 633 699 praedicat,
663 627 727 675 seu
754 603 794 674 in
822 627 950 698 agrum
984 607 1181 692 metiendo,
1212 630 1278 679 seu
1312 604 1351 675 in

297 722 446 809 arando,
465 744 528 792 seu
543 717 698 814 denique
715 719 752 790 in
766 719 902 792 bellicis
919 719 1176 794 certaminibus
1194 719 1352 793 exerceri

296 839 386 912 velit
395 835 414 908 ¹.
466 836 521 908 Ex
539 835 666 908 eodem
684 835 783 908 sonte
800 841 887 907 sunt
904 834 1013 908 etiam
1030 837 1092 908 illa
1115 837 1223 910 toties
1245 861 1351 909 usur-

296 973 383 1064 pata
397 965 591 1063 Epitheta:
625 951 846 1054 ἱπποδάμος,
861 951 1064 1058 ποδάρκης,
1086 954 1292 1056 ἱππηλάτα,
1312 975 1352 1037 et

297 1085 401 1180 siqua
435 1081 508 1154 sint
541 1090 670 1152 eaetera
703 1079 781 1151 istis
816 1077 956 1152 similia.
1008 1079 1089 1154 Nec
1118 1105 1206 1154 vero
1239 1079 1351 1154 animi

297 1199 448 1295 egregiae
465 1198 568 1270 dotes
586 1201 624 1268 et
641 1193 790 1267 virtutes
809 1220 875 1268 sua
891 1196 998 1268 laude
1021 1209 1226 1284 caruerunt,
1245 1203 1283 1268 et
1298 1221 1351 1269 eae

295 1315 493 1414 praescrtim
512 1313 647 1410 quaein
665 1312 809 1406 publica
826 1311 901 1383 vita
924 1319 962 1384 et
986 1312 1213 1385 commerciis
1231 1312 1349 1386 homi-

295 1459 386 1507 num
404 1424 617 1504 cernuntur¹
634 1457 696 1500 :—

450 1606 551 1664 ’Δλλος
563 1607 610 1676 μὶν
622 1606 674 1677 γὰρ
687 1605 709 1658 τ’
724 1599 791 1660 εἶδος
803 1603 964 1674 ἀκιδνότερος
976 1602 1055 1658 πέλει
1068 1603 1132 1676 ἀνὴρ

451 1701 537 1758 Ἀλλὰ
549 1701 607 1758 θεὸς
619 1700 725 1772 μορφὴν
737 1699 814 1760 ἔπεσι
827 1698 930 1769 στέφει·
951 1700 976 1751 oi
990 1697 1021 1752 δι’
1032 1697 1054 1752 τ’
1069 1699 1096 1754 ε’τ
1109 1699 1186 1754 αὐτὸν

455 1799 611 1870 Τερπόμενοι
624 1793 797 1850 λεύσσουσιν.

295 1967 359 2038 Ille
393 1967 503 2039 etiam
532 1963 790 2060 cognominum
820 1987 908 2036 usus
937 1963 1095 2061 antiquae
1126 1973 1182 2038 est
1213 1967 1350 2065 simpli-

295 2083 426 2170 citatis,
445 2081 558 2156 ouivis
576 2080 711 2154 etenim
728 2103 817 2152 suus
841 2079 972 2153 titulus
995 2081 1213 2155 adscribitur
1230 2086 1350 2157 velex

293 2235 364 2283 usu
404 2210 563 2306 quodam
603 2215 641 2281 et
677 2209 818 2306 peritia,
852 2195 1058 2300 Ἰδομενεὺς
1096 2201 1348 2306 δουρικλυτὸς,

214 2371 221 2387 ·
287 2321 470 2432 Ἕκτορος
489 2323 713 2426 ἱπποδάμοιο
729 2339 849 2410 :-vel
867 2361 912 2410 ex
929 2337 1040 2410 animi
1056 2343 1095 2410 et
1117 2339 1277 2435 eorporis
1298 2341 1349 2412 fa·

292 2467 501 2562 unitatibus
531 2452 708 2560 rporepir
737 2457 942 2558 Διομήδης,
971 2457 1180 2560 πολυμήτις
1204 2459 1347 2542 Ὀδυσ-

294 2581 395 2684 σεὺς,
422 2583 540 2671 πόδας
563 2579 657 2669 ὠκὺς
686 2581 891 2689 Ἀχιλλεὺς
904 2596 1026 2667 t-vel
1049 2619 1095 2667 ex
1112 2595 1288 2691 dignitate
1310 2606 1348 2669 et

292 2725 433 2821 generis
462 2724 664 2809 nobilitate,
691 2712 886 2818 Ἀτρείδης
913 2715 1133 2818 εὐρυκρείων
1157 2713 1347 2816 Ἀγαμέμ-

295 2879 378 2924 νων.
436 2854 574 2926 Eadem
597 2853 686 2926 olim
711 2851 810 2947 apud
836 2857 1014 2924 nostrates
1040 2859 1078 2926 et
1103 2860 1253 2926 caeteros
1275 2853 1350 2924 Eu·

292 2993 391 3068 ropae
408 2973 564 3066 populos
587 2968 745 3041 efferatis
758 2969 836 3064 jam
859 2975 941 3042 tum
964 2979 1000 3042 et
1023 2968 1170 3043 incultis
1187 2969 1348 3042 moribus

294 3086 520 3157 consuetudo
537 3084 702 3156 involuit.
756 3083 986 3178 Simplicitati
1000 3091 1123 3156 autem
1136 3082 1196 3155 isti
1212 3083 1349 3156 aceedit

294 3200 462 3295 majestas
489 3200 664 3297 quaedam,
690 3223 774 3271 oum
804 3201 925 3272 virum
954 3199 1112 3296 aliquem
1139 3199 1349 3295 primarium

293 3341 368 3388 non
390 3340 466 3389 uno
483 3324 627 3390 tantum
652 3317 798 3389 nomine
817 3318 1013 3412 appellant,
1031 3316 1095 3390 sed
1120 3317 1243 3414 potius
1262 3316 1348 3389 titu-

293 3433 413 3506 lorum
430 3433 595 3528 congerie
608 3464 671 3504 :-

454 3599 575 3671 Διογενές
588 3599 729 3671 Λαερτιάδη
742 3594 905 3668 πολυμήχαν’
920 3599 1044 3654 Οδνσσεῡ

456 3695 574 3753 ’Annivm
587 3697 680 3770 κρεῖον,
694 3699 796 3751 πάντων
808 3695 948 3768 ἀριδείκετε
960 3698 1042 3752 λαῶν.

332 3909 410 3969 Ὀιὶ.
438 3925 467 3971 2.
495 3922 555 3986 3⁶5·
584 3912 637 3970 &a
686 3907 802 3967 Eodem
841 3905 952 3966 Eadem
973 3907 1064 3968 titulo
1078 3908 1262 3968 cohonesteti
1277 3914 1349 3968 sunt

294 3995 433 4066 spectant
447 4011 511 4068 quae
532 4011 568 4050 ex
583 3991 704 4049 Homeri
719 3989 802 4046 Mor·
842 3987 933 4046 etiam
948 3989 1050 4047 caeteri
1063 3989 1191 4068 operarii
1201 4013 1251 4047 :—

290 4071 354 4144 yiie
373 4069 452 4146 iipild
473 4069 663 4129 Arisswtt‘lem
685 4067 801 4142 (Elide.
875 4080 992 4133 Τέκτσνος
1005 4085 1032 4134 ἐν
1043 4083 1171 4148 παλάμῃσι
1186 4086 1310 4146 δαήμονος,
1323 4081 1349 4131 δς

296 4147 422 4214 Νίσοτπ..
436 4148 455 4206 l.
469 4149 505 4208 ri.
521 4169 545 4208 o.
561 4149 589 4224 7)
598 4148 740 4225 leguntur
751 4169 801 4204 :-
907 4147 976 4210 aar«
988 4149 1069 4208 :tm

875 4213 908 4262 Εὖ
942 4213 994 4277 εἰδῇ
1022 4213 1109 4276 σοφίης
1142 4211 1351 4276 ὑπσθημοσῦνησιν

328 4273 396 4323 'rivo'
408 4278 457 4325 οὔτ’
470 4278 499 4338 op
511 4281 640 4342 σκαπτῆρα
656 4276 706 4326 θεοὶ
720 4275 800 4335 θέσαν,
908 4279 1084 4339 Ἀθήνην-ΙΙ.
1097 4287 1125 4330 0.
1137 4295 1194 4341 411.

330 4341 612 4470 offini'ssiii‘tan
881 4363 1082 4437 '‘M-⁰⁴⁶⁹·
