3058 4908
317 321 384 388 246
578 330 790 381 Puteum
810 331 1116 392 usurus-Quam.

320 481 420 556 omni
436 480 510 554 sere
526 480 684 554 bellandi
704 480 825 576 generi
843 481 940 577 quod
957 486 1039 554 tum
1066 482 1104 554 in
1120 505 1191 555 usn
1209 486 1290 555 erat
1310 506 1376 578 op-

319 599 525 697 portunitas
556 599 674 684 datur,
702 623 802 671 nunc
836 598 1035 671 certamine
1064 599 1249 696 singulari,
1280 623 1378 672 nunc

319 721 445 811 aperto
480 715 617 811 prelio,
648 739 735 788 mox
762 714 902 787 insidiis
932 723 969 788 et
999 725 1114 788 noctu
1144 740 1202 788 res
1229 715 1376 812 geritur.

319 831 481 904 Tandem
511 838 780 928 oppugnatores
808 831 847 903 in
875 831 1000 926 fugam
1030 831 1195 906 conversi
1224 842 1311 905 sunt
1340 839 1378 904 et

319 948 417 1044 pulsi
446 972 577 1045 campo
604 953 722 1020 castra
747 957 784 1020 et
812 971 923 1020 naves
948 953 1092 1043 petunt.
1146 946 1203 1020 Ibi
1230 949 1378 1020 demum

230 1119 237 1134 .
320 1064 365 1136 od
392 1073 597 1136 extremum
623 1062 828 1159 periculum
856 1064 1054 1137 deventum
1081 1069 1149 1150 est,
1180 1065 1270 1136 dum
1298 1088 1378 1160 per·

321 1192 414 1276 gunt
439 1181 595 1254 victores
623 1179 740 1276 ipsam
771 1203 875 1275 spem
905 1179 1042 1253 reditus
1072 1179 1238 1254 hostibus
1264 1181 1378 1254 inter-

320 1299 466 1371 cludere
495 1307 532 1370 et
562 1321 671 1370 naves
699 1299 796 1393 ipsas
822 1297 978 1370 flammis
1003 1297 1226 1370 comburere.
1279 1297 1379 1370 Victi

319 1414 358 1487 in
375 1415 503 1488 iisdem
521 1413 774 1487 conservandis
792 1411 933 1486 fortiter
949 1436 988 1486 se
1005 1421 1184 1487 exercent
1237 1413 1380 1487 Interea

320 1531 382 1604 ille
398 1532 461 1628 qui
486 1525 532 1604 ab
558 1531 633 1604 acie
659 1553 698 1602 se
715 1530 938 1604 subduxerat
964 1553 1097 1626 pugnae
1123 1537 1296 1604 eventum
1321 1537 1378 1613 at-

320 1655 424 1721 tento
458 1650 581 1721 animo
616 1647 841 1743 expectabat,
872 1653 910 1720 et
943 1647 1127 1722 inclinatis
1156 1648 1236 1742 jam
1270 1647 1378 1721 rebus

321 1764 481 1838 amicum
508 1763 577 1838 sibi
605 1763 833 1837 carissimum
863 1763 901 1834 in
931 1769 1228 1860 oppugnatorum
1256 1775 1377 1838 castra

322 1881 448 1970 mittit,
474 1905 517 1955 eo
543 1886 735 1977 praetertu»
753 1889 795 1952 ut
820 1880 988 1952 deducis
1014 1871 1205 1978 enjusdam
1228 1881 1379 1954 vulnere

233 1995 236 2000 ’
321 2021 360 2072 se
385 1999 574 2072 certiorem
591 1997 736 2070 faceret.
791 1995 899 2071 Redit
924 1996 985 2069 ille
1010 2004 1096 2093 post
1119 1999 1272 2095 paulum
1294 2021 1377 2071 suo

321 2140 404 2188 rum
432 2115 627 2212 lachrymis
656 2119 695 2187 et
723 2114 890 2210 precibus
921 2137 996 2186 non
1026 2114 1254 2188 mediocriter
1279 2138 1379 2188 corn-

322 2241 456 2317 motus,
487 2239 524 2304 et
558 2232 596 2304 in
630 2232 712 2327 ipso
744 2231 807 2303 illo
843 2231 941 2328 quod
975 2232 1085 2306 modo
1119 2232 1380 2330 descripsimus

320 2349 496 2444 temporis
522 2347 677 2422 articulo
701 2347 906 2444 principem
932 2373 1041 2422 suurn
1065 2356 1183 2445 rogat,
1210 2374 1257 2422 ne
1285 2351 1380 2423 ulte·

321 2466 398 2538 rius
423 2463 483 2538 irae
505 2465 704 2560 indulgeat,
724 2487 842 2561 neque
869 2463 975 2537 sociis
998 2463 1036 2538 in
1053 2489 1198 2539 summo
1218 2467 1381 2562 periculo

322 2582 570 2657 laborantibus
600 2581 786 2678 suppetias
815 2581 906 2655 serre
935 2592 1089 2656 recuset.
1145 2583 1212 2656 llle
1241 2607 1383 2657 memor

321 2701 441 2774 adhuc
463 2705 620 2796 acceptae
639 2698 780 2794 injuriae
803 2699 855 2770 ita
877 2706 1002 2772 tamen
1025 2698 1195 2786 cedit-ut
1218 2699 1380 2773 amicum

322 2819 399 2892 suis
429 2819 539 2891 armis
569 2825 606 2889 et
640 2816 715 2890 suis
748 2816 862 2913 copiis
895 2815 1115 2890 instructum
1148 2817 1187 2890 in
1216 2843 1381 2915 pugnam

321 2937 456 3008 mittat.
508 2935 546 3008 Is
586 2936 705 3030 lapsas
743 2933 926 3007 sociorum
962 2958 1021 3008 res
1060 2934 1233 3022 restituit,
1269 2945 1382 3032 atque

322 3054 446 3126 hostes
469 3053 593 3149 praelio
617 3051 827 3147 profligatos
845 3051 890 3124 ad
913 3051 1013 3124 urbis
1035 3052 1170 3126 moenia
1194 3052 1382 3150 persequi-

321 3174 395 3256 tur,
431 3168 481 3241 ibi
515 3169 759 3264 redintegrata
791 3192 915 3264 pugna
954 3168 1031 3265 ipse
1067 3170 1178 3258 cadit.
1229 3168 1381 3244 Nuncio

322 3292 446 3359 autem
464 3287 544 3381 ejus
567 3285 693 3359 mortis
713 3286 759 3358 ad
781 3286 940 3358 amicum
959 3287 1090 3376 delato,
1109 3311 1184 3360 non
1204 3286 1284 3383 jam
1302 3312 1380 3361 am·

322 3402 418 3500 plius
445 3402 498 3476 ira
524 3427 609 3498 erga
634 3426 720 3476 suos
746 3402 809 3475 sed
834 3427 920 3498 erga
937 3402 1062 3476 hostes
1078 3402 1249 3477 vindictae
1278 3404 1382 3502 cupi-

324 3520 409 3594 dine
431 3521 594 3594 animum
620 3519 883 3593 inflammatum
909 3521 1012 3616 gerit.
1064 3521 1174 3595 Redit
1193 3523 1317 3618 itaque
1341 3522 1383 3594 in

323 3643 509 3712 certamen
543 3661 623 3710 acer
650 3643 761 3733 atque
792 3638 941 3711 ultionis
970 3637 1175 3735 impatiens,
1207 3663 1275 3712 nec
1309 3639 1383 3712 nisi

228 3781 233 3788 ·
324 3755 526 3828 multorum
549 3763 668 3850 strage
691 3763 728 3827 et
752 3753 934 3851 praecipue
959 3755 1061 3829 ducis
1084 3756 1246 3829 bostium
1269 3757 1382 3844 caede,

224 3881 229 3894 '
325 3872 430 3969 cujus
457 3871 624 3944 manibus
644 3871 783 3945 amicus
810 3872 889 3967 ejus
911 3873 1279 3960 cecidisses-satiatus
1305 3897 1384 3948 cas-

316 3997 383 4066 tra
408 3991 556 4086 repetit.¹
602 3989 738 4062 Hostes
765 3989 879 4062 effusa
908 3989 995 4085 fuga
1022 3991 1059 4062 in
1084 3991 1212 4063 urbem
1239 3993 1383 4086 pellun-

327 4117 388 4179 tur
411 4114 449 4180 et
470 4108 654 4180 moenibus
676 4131 714 4178 se
738 4114 917 4179 tutantur.
972 4105 1084 4192 Quod
1106 4114 1283 4204 superest,
1302 4132 1385 4204 per-

328 4233 487 4320 aguntur
504 4249 549 4298 ex
568 4233 720 4321 utraque
737 4229 840 4320 parte
858 4225 968 4298 occisi
986 4225 1088 4298 ducis
1106 4225 1279 4320 exequiae.

379 4338 469 4410 Haec
496 4340 607 4433 igitur
633 4341 730 4413 nuda
755 4351 864 4436 atque
894 4343 1052 4440 simplex
1080 4341 1238 4416 narratio
1263 4348 1384 4416 totam
