<?xml version="1.0" encoding="UTF-8"?>
<!DOCTYPE html PUBLIC "-//W3C//DTD XHTML 1.0 Transitional//EN"
    "http://www.w3.org/TR/xhtml1/DTD/xhtml1-transitional.dtd">
<html xmlns="http://www.w3.org/1999/xhtml" xml:lang="en" lang="en">
 <head>
  <title>
</title>
<meta http-equiv="Content-Type" content="text/html;charset=utf-8" />
  <meta name='ocr-system' content='tesseract 3.04.00' />
  <meta name='ocr-capabilities' content='ocr_page ocr_carea ocr_par ocr_line ocrx_word'/>
</head>
<body>
  <div class='ocr_page' id='page_1' title='image "./prlectionesacad00randgoog_0272.png"; bbox 0 0 3058 4908; ppageno 0'>
   <div class='ocr_carea' id='block_1_1' title="bbox 288 343 1080 416">
    <p class='ocr_par' dir='ltr' id='par_1_1' title="bbox 288 343 1080 416">
     <span class='ocr_line' id='line_1_1' title="bbox 288 343 1080 416; baseline -0.008 -8"><span class='ocrx_word' id='word_1_1' title='bbox 288 343 353 408; x_wconf 78' lang='lat'>262</span> <span class='ocrx_word' id='word_1_2' title='bbox 546 355 760 406; x_wconf 68' lang='lat' dir='ltr'>furscum</span> <span class='ocrx_word' id='word_1_3' title='bbox 781 354 1080 416; x_wconf 58' lang='lat' dir='ltr'>prorue-eornm.</span> 
     </span>
    </p>
   </div>
   <div class='ocr_carea' id='block_1_2' title="bbox 280 503 1338 609">
    <p class='ocr_par' dir='ltr' id='par_1_2' title="bbox 280 503 1338 609">
     <span class='ocr_line' id='line_1_2' title="bbox 280 503 1338 609; baseline -0.002 -30"><span class='ocrx_word' id='word_1_4' title='bbox 280 507 332 609; x_wconf 28' lang='lat' dir='ltr'>&#39;ad</span> <span class='ocrx_word' id='word_1_5' title='bbox 358 507 457 582; x_wconf 91' lang='lat' dir='ltr'>hunc</span> <span class='ocrx_word' id='word_1_6' title='bbox 480 507 579 580; x_wconf 91' lang='lat' dir='ltr'>enim</span> <span class='ocrx_word' id='word_1_7' title='bbox 602 517 775 581; x_wconf 87' lang='lat' dir='ltr'>eventum</span> <span class='ocrx_word' id='word_1_8' title='bbox 791 517 966 605; x_wconf 85' lang='lat' dir='ltr'><strong>tanquam</strong></span> <span class='ocrx_word' id='word_1_9' title='bbox 990 508 1037 580; x_wconf 91' lang='lat' dir='ltr'>ad</span> <span class='ocrx_word' id='word_1_10' title='bbox 1062 511 1198 579; x_wconf 88' lang='lat' dir='ltr'>metam</span> <span class='ocrx_word' id='word_1_11' title='bbox 1222 503 1338 578; x_wconf 91' lang='lat' dir='ltr'>dedu·</span> 
     </span>
    </p>
   </div>
   <div class='ocr_carea' id='block_1_3' title="bbox 287 649 1334 816">
    <p class='ocr_par' dir='ltr' id='par_1_3' title="bbox 287 649 1334 816">
     <span class='ocr_line' id='line_1_3' title="bbox 287 649 1334 816; baseline -0.003 -2"><span class='ocrx_word' id='word_1_12' title='bbox 287 649 459 816; x_wconf 35' lang='lat' dir='ltr'>cuper-23·</span> <span class='ocrx_word' id='word_1_13' title='bbox 487 740 535 814; x_wconf 92' lang='lat' dir='ltr'>In</span> <span class='ocrx_word' id='word_1_14' title='bbox 554 740 723 816; x_wconf 75' lang='lat' dir='ltr'><strong>Hectoris</strong></span> <span class='ocrx_word' id='word_1_15' title='bbox 746 742 837 816; x_wconf 90' lang='lat' dir='ltr'>adeo</span> <span class='ocrx_word' id='word_1_16' title='bbox 860 741 956 816; x_wconf 85' lang='lat' dir='ltr'>caede</span> <span class='ocrx_word' id='word_1_17' title='bbox 983 741 1057 815; x_wconf 86' lang='lat' dir='ltr'>fere</span> <span class='ocrx_word' id='word_1_18' title='bbox 1086 746 1167 815; x_wconf 86' lang='lat' dir='ltr'>tota</span> <span class='ocrx_word' id='word_1_19' title='bbox 1195 739 1334 812; x_wconf 87' lang='lat' dir='ltr'>claudi·</span> 
     </span>
    </p>
   </div>
   <div class='ocr_carea' id='block_1_4' title="bbox 284 858 1337 1074">
    <p class='ocr_par' dir='ltr' id='par_1_4' title="bbox 284 858 1337 1074">
     <span class='ocr_line' id='line_1_4' title="bbox 284 858 1337 956; baseline -0.002 -26"><span class='ocrx_word' id='word_1_20' title='bbox 284 863 346 932; x_wconf 92' lang='lat' dir='ltr'>tur</span> <span class='ocrx_word' id='word_1_21' title='bbox 368 858 551 947; x_wconf 85' lang='lat' dir='ltr'>Narratio,</span> <span class='ocrx_word' id='word_1_22' title='bbox 578 867 707 933; x_wconf 73' lang='lat' dir='ltr'>caetera</span> <span class='ocrx_word' id='word_1_23' title='bbox 731 858 967 956; x_wconf 83' lang='lat' dir='ltr'>perorationis</span> <span class='ocrx_word' id='word_1_24' title='bbox 991 862 1114 934; x_wconf 93' lang='lat' dir='ltr'>locum</span> <span class='ocrx_word' id='word_1_25' title='bbox 1138 859 1273 931; x_wconf 90' lang='lat' dir='ltr'>habent</span> <span class='ocrx_word' id='word_1_26' title='bbox 1296 861 1337 928; x_wconf 87' lang='lat' dir='ltr'>et</span> 
     </span>
     <span class='ocr_line' id='line_1_5' title="bbox 284 975 1336 1074; baseline -0.002 -26"><span class='ocrx_word' id='word_1_27' title='bbox 284 982 434 1062; x_wconf 85' lang='lat' dir='ltr'>ornatus</span> <span class='ocrx_word' id='word_1_28' title='bbox 450 977 564 1072; x_wconf 85' lang='lat' dir='ltr'>gratia</span> <span class='ocrx_word' id='word_1_29' title='bbox 580 977 840 1051; x_wconf 86' lang='lat' dir='ltr'>adsciscuntur.</span> <span class='ocrx_word' id='word_1_30' title='bbox 907 977 1036 1074; x_wconf 88' lang='lat' dir='ltr'>Itaque</span> <span class='ocrx_word' id='word_1_31' title='bbox 1052 976 1208 1050; x_wconf 79' lang='lat' dir='ltr'>Patrocli</span> <span class='ocrx_word' id='word_1_32' title='bbox 1223 975 1336 1047; x_wconf 85' lang='lat' dir='ltr'>funus</span> 
     </span>
    </p>
   </div>
   <div class='ocr_carea' id='block_1_5' title="bbox 281 1091 1335 4478">
    <p class='ocr_par' dir='ltr' id='par_1_5' title="bbox 282 1091 1335 1661">
     <span class='ocr_line' id='line_1_6' title="bbox 284 1091 1334 1191; baseline -0.002 -25"><span class='ocrx_word' id='word_1_33' title='bbox 284 1096 473 1191; x_wconf 86' lang='lat' dir='ltr'>magnifice</span> <span class='ocrx_word' id='word_1_34' title='bbox 498 1094 692 1168; x_wconf 85' lang='lat' dir='ltr'>instruitur</span> <span class='ocrx_word' id='word_1_35' title='bbox 714 1101 753 1168; x_wconf 88' lang='lat' dir='ltr'>et</span> <span class='ocrx_word' id='word_1_36' title='bbox 778 1119 863 1168; x_wconf 90' lang='lat' dir='ltr'>suos</span> <span class='ocrx_word' id='word_1_37' title='bbox 888 1095 999 1169; x_wconf 91' lang='lat' dir='ltr'>habet</span> <span class='ocrx_word' id='word_1_38' title='bbox 1022 1096 1128 1169; x_wconf 88' lang='lat' dir='ltr'>ludos</span> <span class='ocrx_word' id='word_1_39' title='bbox 1153 1091 1334 1180; x_wconf 78' lang='lat' dir='ltr'>funebres,</span> 
     </span>
     <span class='ocr_line' id='line_1_7' title="bbox 282 1209 1335 1308; baseline -0.003 -24"><span class='ocrx_word' id='word_1_40' title='bbox 282 1210 377 1284; x_wconf 91' lang='lat' dir='ltr'>inter</span> <span class='ocrx_word' id='word_1_41' title='bbox 393 1236 485 1308; x_wconf 92' lang='lat' dir='ltr'>quos</span> <span class='ocrx_word' id='word_1_42' title='bbox 502 1212 613 1284; x_wconf 89' lang='lat' dir='ltr'>etiarn</span> <span class='ocrx_word' id='word_1_43' title='bbox 630 1212 853 1308; x_wconf 87' lang='lat' dir='ltr'>peragendos</span> <span class='ocrx_word' id='word_1_44' title='bbox 878 1210 1041 1308; x_wconf 89' lang='lat' dir='ltr'>personis</span> <span class='ocrx_word' id='word_1_45' title='bbox 1058 1212 1133 1285; x_wconf 87' lang='lat' dir='ltr'>suis</span> <span class='ocrx_word' id='word_1_46' title='bbox 1148 1209 1335 1282; x_wconf 84' lang='lat' dir='ltr'>illustran-</span> 
     </span>
     <span class='ocr_line' id='line_1_8' title="bbox 284 1325 1334 1426; baseline -0.002 -24"><span class='ocrx_word' id='word_1_47' title='bbox 284 1328 338 1402; x_wconf 90' lang='lat' dir='ltr'>dis</span> <span class='ocrx_word' id='word_1_48' title='bbox 361 1331 420 1402; x_wconf 88' lang='lat' dir='ltr'>vel</span> <span class='ocrx_word' id='word_1_49' title='bbox 448 1331 559 1426; x_wconf 90' lang='lat' dir='ltr'>(quod</span> <span class='ocrx_word' id='word_1_50' title='bbox 584 1330 803 1403; x_wconf 81' lang='lat' dir='ltr'>tantundem</span> <span class='ocrx_word' id='word_1_51' title='bbox 830 1335 898 1418; x_wconf 89' lang='lat' dir='ltr'>est)</span> <span class='ocrx_word' id='word_1_52' title='bbox 927 1330 1090 1402; x_wconf 89' lang='lat' dir='ltr'>moribus</span> <span class='ocrx_word' id='word_1_53' title='bbox 1114 1333 1153 1400; x_wconf 90' lang='lat' dir='ltr'>et</span> <span class='ocrx_word' id='word_1_54' title='bbox 1180 1325 1334 1424; x_wconf 81' lang='lat' dir='ltr'>ingeniis</span> 
     </span>
     <span class='ocr_line' id='line_1_9' title="bbox 283 1441 1333 1540; baseline -0.002 -22"><span class='ocrx_word' id='word_1_55' title='bbox 283 1446 473 1520; x_wconf 89' lang='lat' dir='ltr'>hominum</span> <span class='ocrx_word' id='word_1_56' title='bbox 500 1471 596 1520; x_wconf 93' lang='lat' dir='ltr'>nova</span> <span class='ocrx_word' id='word_1_57' title='bbox 625 1448 767 1520; x_wconf 81' lang='lat' dir='ltr'>occasio</span> <span class='ocrx_word' id='word_1_58' title='bbox 798 1448 914 1520; x_wconf 89' lang='lat' dir='ltr'>datur.</span> <span class='ocrx_word' id='word_1_59' title='bbox 965 1445 1085 1519; x_wconf 86' lang='lat' dir='ltr'>Etiam</span> <span class='ocrx_word' id='word_1_60' title='bbox 1108 1443 1245 1517; x_wconf 88' lang='lat' dir='ltr'>Nestor</span> <span class='ocrx_word' id='word_1_61' title='bbox 1269 1441 1333 1540; x_wconf 90' lang='lat' dir='ltr'>qui</span> 
     </span>
     <span class='ocr_line' id='line_1_10' title="bbox 283 1563 1181 1661; baseline -0.001 -25"><span class='ocrx_word' id='word_1_62' title='bbox 283 1575 466 1637; x_wconf 84' lang='lat' dir='ltr'>certarnen</span> <span class='ocrx_word' id='word_1_63' title='bbox 480 1563 570 1637; x_wconf 88' lang='lat' dir='ltr'>inire</span> <span class='ocrx_word' id='word_1_64' title='bbox 589 1589 662 1637; x_wconf 93' lang='lat' dir='ltr'>non</span> <span class='ocrx_word' id='word_1_65' title='bbox 680 1569 802 1660; x_wconf 88' lang='lat' dir='ltr'>potest</span> <span class='ocrx_word' id='word_1_66' title='bbox 819 1588 904 1637; x_wconf 90' lang='lat' dir='ltr'>suas</span> <span class='ocrx_word' id='word_1_67' title='bbox 921 1569 1043 1661; x_wconf 81' lang='lat' dir='ltr'>portes</span> <span class='ocrx_word' id='word_1_68' title='bbox 1060 1563 1181 1636; x_wconf 87' lang='lat' dir='ltr'>habet.</span> 
     </span>
    </p>

    <p class='ocr_par' dir='ltr' id='par_1_6' title="bbox 281 1678 1335 2694">
     <span class='ocr_line' id='line_1_11' title="bbox 332 1678 1332 1776; baseline 0 -24"><span class='ocrx_word' id='word_1_69' title='bbox 332 1680 374 1752; x_wconf 91' lang='lat' dir='ltr'>L.</span> <span class='ocrx_word' id='word_1_70' title='bbox 390 1682 451 1754; x_wconf 80' lang='lat'>24.</span> <span class='ocrx_word' id='word_1_71' title='bbox 478 1680 523 1755; x_wconf 94' lang='lat' dir='ltr'>ln</span> <span class='ocrx_word' id='word_1_72' title='bbox 539 1681 671 1770; x_wconf 86' lang='lat' dir='ltr'>ultimo</span> <span class='ocrx_word' id='word_1_73' title='bbox 684 1680 794 1753; x_wconf 90' lang='lat' dir='ltr'>Libro</span> <span class='ocrx_word' id='word_1_74' title='bbox 810 1680 970 1755; x_wconf 87' lang='lat' dir='ltr'>vicissim</span> <span class='ocrx_word' id='word_1_75' title='bbox 984 1679 1153 1753; x_wconf 85' lang='lat' dir='ltr'>Hectoris</span> <span class='ocrx_word' id='word_1_76' title='bbox 1169 1678 1332 1776; x_wconf 71' lang='lat' dir='ltr'>exequiae</span> 
     </span>
     <span class='ocr_line' id='line_1_12' title="bbox 282 1796 1335 1894; baseline -0.002 -23"><span class='ocrx_word' id='word_1_77' title='bbox 282 1799 520 1873; x_wconf 86' lang='lat' dir='ltr'>celebrantur.</span> <span class='ocrx_word' id='word_1_78' title='bbox 559 1799 607 1873; x_wconf 89' lang='lat' dir='ltr'>Et</span> <span class='ocrx_word' id='word_1_79' title='bbox 621 1823 730 1894; x_wconf 91' lang='lat' dir='ltr'>quem</span> <span class='ocrx_word' id='word_1_80' title='bbox 747 1824 821 1872; x_wconf 92' lang='lat' dir='ltr'>non</span> <span class='ocrx_word' id='word_1_81' title='bbox 838 1823 981 1873; x_wconf 88' lang='lat' dir='ltr'>summa</span> <span class='ocrx_word' id='word_1_82' title='bbox 998 1796 1242 1892; x_wconf 86' lang='lat' dir='ltr'>misericordia</span> <span class='ocrx_word' id='word_1_83' title='bbox 1255 1803 1335 1870; x_wconf 86' lang='lat' dir='ltr'>tan·</span> 
     </span>
     <span class='ocr_line' id='line_1_13' title="bbox 281 1913 1333 2013; baseline -0.001 -26"><span class='ocrx_word' id='word_1_84' title='bbox 281 1922 374 2010; x_wconf 85' lang='lat' dir='ltr'>gunt</span> <span class='ocrx_word' id='word_1_85' title='bbox 391 1916 525 1990; x_wconf 88' lang='lat' dir='ltr'>Priami</span> <span class='ocrx_word' id='word_1_86' title='bbox 541 1941 628 2013; x_wconf 82' lang='lat' dir='ltr'>erga</span> <span class='ocrx_word' id='word_1_87' title='bbox 645 1917 720 1990; x_wconf 90' lang='lat' dir='ltr'>nati</span> <span class='ocrx_word' id='word_1_88' title='bbox 739 1917 796 1989; x_wconf 91' lang='lat' dir='ltr'>sui</span> <span class='ocrx_word' id='word_1_89' title='bbox 813 1915 1011 1990; x_wconf 86' lang='lat' dir='ltr'>occisorem</span> <span class='ocrx_word' id='word_1_90' title='bbox 1026 1922 1180 2012; x_wconf 75' lang='lat' dir='ltr'>preces?</span> <span class='ocrx_word' id='word_1_91' title='bbox 1206 1913 1246 1986; x_wconf 94' lang='lat' dir='ltr'>in</span> <span class='ocrx_word' id='word_1_92' title='bbox 1262 1914 1333 1986; x_wconf 93' lang='lat' dir='ltr'>hoc</span> 
     </span>
     <span class='ocr_line' id='line_1_14' title="bbox 282 2025 1334 2131; baseline 0 -27"><span class='ocrx_word' id='word_1_93' title='bbox 282 2032 393 2129; x_wconf 86' lang='lat' dir='ltr'>igitur</span> <span class='ocrx_word' id='word_1_94' title='bbox 419 2034 551 2108; x_wconf 88' lang='lat' dir='ltr'>affectu</span> <span class='ocrx_word' id='word_1_95' title='bbox 582 2034 742 2107; x_wconf 87' lang='lat' dir='ltr'>defixum</span> <span class='ocrx_word' id='word_1_96' title='bbox 777 2032 944 2131; x_wconf 90' lang='lat' dir='ltr'>linquens</span> <span class='ocrx_word' id='word_1_97' title='bbox 975 2025 1139 2106; x_wconf 73' lang='lat' dir='ltr'>lectoris</span> <span class='ocrx_word' id='word_1_98' title='bbox 1169 2030 1334 2105; x_wconf 91' lang='lat' dir='ltr'>animum</span> 
     </span>
     <span class='ocr_line' id='line_1_15' title="bbox 282 2149 1333 2248; baseline 0.002 -26"><span class='ocrx_word' id='word_1_99' title='bbox 282 2151 383 2247; x_wconf 90' lang='lat' dir='ltr'>operi</span> <span class='ocrx_word' id='word_1_100' title='bbox 400 2153 508 2224; x_wconf 87' lang='lat' dir='ltr'>finem</span> <span class='ocrx_word' id='word_1_101' title='bbox 526 2151 679 2248; x_wconf 86' lang='lat' dir='ltr'>imponit</span> <span class='ocrx_word' id='word_1_102' title='bbox 697 2151 829 2224; x_wconf 90' lang='lat' dir='ltr'>Poeta:</span> <span class='ocrx_word' id='word_1_103' title='bbox 856 2152 895 2224; x_wconf 93' lang='lat' dir='ltr'>in</span> <span class='ocrx_word' id='word_1_104' title='bbox 912 2151 1095 2225; x_wconf 90' lang='lat' dir='ltr'>reddendo</span> <span class='ocrx_word' id='word_1_105' title='bbox 1111 2150 1218 2224; x_wconf 87' lang='lat' dir='ltr'>etiam</span> <span class='ocrx_word' id='word_1_106' title='bbox 1237 2149 1333 2224; x_wconf 87' lang='lat' dir='ltr'>Hec-</span> 
     </span>
     <span class='ocr_line' id='line_1_16' title="bbox 283 2267 1332 2366; baseline -0.001 -26"><span class='ocrx_word' id='word_1_107' title='bbox 283 2267 374 2341; x_wconf 89' lang='lat' dir='ltr'>toris</span> <span class='ocrx_word' id='word_1_108' title='bbox 392 2293 541 2365; x_wconf 88' lang='lat' dir='ltr'>corpore</span> <span class='ocrx_word' id='word_1_109' title='bbox 557 2268 711 2342; x_wconf 90' lang='lat' dir='ltr'>Achillis</span> <span class='ocrx_word' id='word_1_110' title='bbox 729 2267 901 2342; x_wconf 89' lang='lat' dir='ltr'>violentia</span> <span class='ocrx_word' id='word_1_111' title='bbox 924 2293 1072 2366; x_wconf 88' lang='lat' dir='ltr'>prorsus</span> <span class='ocrx_word' id='word_1_112' title='bbox 1089 2267 1332 2364; x_wconf 87' lang='lat' dir='ltr'>componitur,</span> 
     </span>
     <span class='ocr_line' id='line_1_17' title="bbox 284 2384 1333 2482; baseline 0 -25"><span class='ocrx_word' id='word_1_113' title='bbox 284 2409 369 2458; x_wconf 90' lang='lat' dir='ltr'>oum</span> <span class='ocrx_word' id='word_1_114' title='bbox 386 2392 443 2459; x_wconf 91' lang='lat' dir='ltr'>tot</span> <span class='ocrx_word' id='word_1_115' title='bbox 466 2387 600 2482; x_wconf 81' lang='lat' dir='ltr'>praeliis</span> <span class='ocrx_word' id='word_1_116' title='bbox 625 2391 756 2459; x_wconf 89' lang='lat' dir='ltr'>ettam</span> <span class='ocrx_word' id='word_1_117' title='bbox 773 2385 881 2458; x_wconf 86' lang='lat' dir='ltr'>variae</span> <span class='ocrx_word' id='word_1_118' title='bbox 907 2386 990 2459; x_wconf 90' lang='lat' dir='ltr'>belli</span> <span class='ocrx_word' id='word_1_119' title='bbox 1007 2386 1163 2459; x_wconf 87' lang='lat' dir='ltr'>fortunae</span> <span class='ocrx_word' id='word_1_120' title='bbox 1188 2384 1333 2458; x_wconf 92' lang='lat' dir='ltr'>initium</span> 
     </span>
     <span class='ocr_line' id='line_1_18' title="bbox 281 2502 1335 2591; baseline -0.002 -14"><span class='ocrx_word' id='word_1_121' title='bbox 281 2502 431 2591; x_wconf 89' lang='lat' dir='ltr'>dederit,</span> <span class='ocrx_word' id='word_1_122' title='bbox 451 2528 535 2577; x_wconf 92' lang='lat' dir='ltr'>cum</span> <span class='ocrx_word' id='word_1_123' title='bbox 553 2527 639 2576; x_wconf 89' lang='lat' dir='ltr'>suos</span> <span class='ocrx_word' id='word_1_124' title='bbox 656 2513 759 2576; x_wconf 90' lang='lat' dir='ltr'>tanta</span> <span class='ocrx_word' id='word_1_125' title='bbox 775 2504 876 2579; x_wconf 89' lang='lat' dir='ltr'>clade</span> <span class='ocrx_word' id='word_1_126' title='bbox 892 2502 1068 2591; x_wconf 87' lang='lat' dir='ltr'>afflixerit,</span> <span class='ocrx_word' id='word_1_127' title='bbox 1082 2509 1121 2577; x_wconf 90' lang='lat' dir='ltr'>et</span> <span class='ocrx_word' id='word_1_128' title='bbox 1135 2502 1174 2575; x_wconf 94' lang='lat' dir='ltr'>in</span> <span class='ocrx_word' id='word_1_129' title='bbox 1191 2527 1335 2576; x_wconf 85' lang='lat' dir='ltr'>summa</span> 
     </span>
     <span class='ocr_line' id='line_1_19' title="bbox 281 2619 871 2694; baseline 0 -1"><span class='ocrx_word' id='word_1_130' title='bbox 281 2619 367 2693; x_wconf 91' lang='lat' dir='ltr'>belli</span> <span class='ocrx_word' id='word_1_131' title='bbox 384 2619 478 2694; x_wconf 89' lang='lat' dir='ltr'>tanti</span> <span class='ocrx_word' id='word_1_132' title='bbox 496 2619 624 2693; x_wconf 81' lang='lat' dir='ltr'>suisset</span> <span class='ocrx_word' id='word_1_133' title='bbox 641 2619 871 2694; x_wconf 76' lang='lat' dir='ltr'>discriminis</span> 
     </span>
    </p>

    <p class='ocr_par' dir='ltr' id='par_1_7' title="bbox 282 2735 1334 4478">
     <span class='ocr_line' id='line_1_20' title="bbox 331 2735 1332 2834; baseline 0 -24"><span class='ocrx_word' id='word_1_134' title='bbox 331 2737 418 2810; x_wconf 85' lang='lat' dir='ltr'>Jam</span> <span class='ocrx_word' id='word_1_135' title='bbox 443 2735 556 2833; x_wconf 85' lang='lat' dir='ltr'>igitur</span> <span class='ocrx_word' id='word_1_136' title='bbox 571 2743 687 2810; x_wconf 90' lang='lat' dir='ltr'>totam</span> <span class='ocrx_word' id='word_1_137' title='bbox 704 2736 818 2810; x_wconf 82' lang='lat' dir='ltr'>Iliada</span> <span class='ocrx_word' id='word_1_138' title='bbox 843 2737 1053 2810; x_wconf 91' lang='lat' dir='ltr'>summatim</span> <span class='ocrx_word' id='word_1_139' title='bbox 1078 2735 1332 2834; x_wconf 88' lang='lat' dir='ltr'>percurrimus,</span> 
     </span>
     <span class='ocr_line' id='line_1_21' title="bbox 282 2853 1331 2952; baseline 0.002 -25"><span class='ocrx_word' id='word_1_140' title='bbox 282 2879 399 2952; x_wconf 89' lang='lat' dir='ltr'>neque</span> <span class='ocrx_word' id='word_1_141' title='bbox 416 2861 459 2929; x_wconf 87' lang='lat' dir='ltr'>ut</span> <span class='ocrx_word' id='word_1_142' title='bbox 477 2855 607 2951; x_wconf 87' lang='lat' dir='ltr'>opinor</span> <span class='ocrx_word' id='word_1_143' title='bbox 624 2855 699 2927; x_wconf 89' lang='lat' dir='ltr'>ulla</span> <span class='ocrx_word' id='word_1_144' title='bbox 721 2879 765 2928; x_wconf 83' lang='lat' dir='ltr'>er</span> <span class='ocrx_word' id='word_1_145' title='bbox 786 2867 890 2951; x_wconf 88' lang='lat' dir='ltr'>parte</span> <span class='ocrx_word' id='word_1_146' title='bbox 909 2880 931 2928; x_wconf 88' lang='lat' dir='ltr'>a</span> <span class='ocrx_word' id='word_1_147' title='bbox 953 2855 1109 2952; x_wconf 89' lang='lat' dir='ltr'>simplici</span> <span class='ocrx_word' id='word_1_148' title='bbox 1125 2853 1331 2929; x_wconf 89' lang='lat' dir='ltr'>narratione</span> 
     </span>
     <span class='ocr_line' id='line_1_22' title="bbox 283 2971 1331 3070; baseline 0 -24"><span class='ocrx_word' id='word_1_149' title='bbox 283 2973 508 3046; x_wconf 84' lang='lat' dir='ltr'>defleximus.</span> <span class='ocrx_word' id='word_1_150' title='bbox 561 2971 658 3045; x_wconf 86' lang='lat' dir='ltr'>Cum</span> <span class='ocrx_word' id='word_1_151' title='bbox 676 2978 797 3046; x_wconf 89' lang='lat' dir='ltr'>totum</span> <span class='ocrx_word' id='word_1_152' title='bbox 814 2997 908 3070; x_wconf 90' lang='lat' dir='ltr'>opus</span> <span class='ocrx_word' id='word_1_153' title='bbox 925 2973 1104 3069; x_wconf 83' lang='lat' dir='ltr'>integrum</span> <span class='ocrx_word' id='word_1_154' title='bbox 1122 2979 1232 3070; x_wconf 82' lang='lat' dir='ltr'>atque</span> <span class='ocrx_word' id='word_1_155' title='bbox 1251 2997 1331 3070; x_wconf 90' lang='lat' dir='ltr'>per·</span> 
     </span>
     <span class='ocr_line' id='line_1_23' title="bbox 283 3088 1333 3187; baseline 0.003 -26"><span class='ocrx_word' id='word_1_156' title='bbox 283 3088 421 3163; x_wconf 87' lang='lat' dir='ltr'>lectum</span> <span class='ocrx_word' id='word_1_157' title='bbox 442 3090 501 3177; x_wconf 89' lang='lat' dir='ltr'>sit,</span> <span class='ocrx_word' id='word_1_158' title='bbox 522 3089 574 3161; x_wconf 90' lang='lat' dir='ltr'>ita</span> <span class='ocrx_word' id='word_1_159' title='bbox 598 3101 720 3186; x_wconf 89' lang='lat' dir='ltr'>partes</span> <span class='ocrx_word' id='word_1_160' title='bbox 745 3091 856 3164; x_wconf 89' lang='lat' dir='ltr'>etiam</span> <span class='ocrx_word' id='word_1_161' title='bbox 881 3091 1134 3187; x_wconf 89' lang='lat' dir='ltr'>complectitur</span> <span class='ocrx_word' id='word_1_162' title='bbox 1150 3090 1333 3164; x_wconf 78' lang='lat' dir='ltr'>subtiliter</span> 
     </span>
     <span class='ocr_line' id='line_1_24' title="bbox 282 3205 1332 3304; baseline 0.004 -27"><span class='ocrx_word' id='word_1_163' title='bbox 282 3205 378 3278; x_wconf 82' lang='lat' dir='ltr'>inter</span> <span class='ocrx_word' id='word_1_164' title='bbox 394 3230 433 3278; x_wconf 89' lang='lat' dir='ltr'>se</span> <span class='ocrx_word' id='word_1_165' title='bbox 449 3206 677 3293; x_wconf 84' lang='lat' dir='ltr'>intertextas,</span> <span class='ocrx_word' id='word_1_166' title='bbox 690 3218 799 3302; x_wconf 91' lang='lat' dir='ltr'>atque</span> <span class='ocrx_word' id='word_1_167' title='bbox 817 3232 877 3281; x_wconf 90' lang='lat' dir='ltr'>eas</span> <span class='ocrx_word' id='word_1_168' title='bbox 895 3209 1174 3304; x_wconf 88' lang='lat' dir='ltr'>haudquaquam</span> <span class='ocrx_word' id='word_1_169' title='bbox 1191 3209 1332 3304; x_wconf 70' lang='lat' dir='ltr'>exigua</span> 
     </span>
     <span class='ocr_line' id='line_1_25' title="bbox 283 3323 1330 3422; baseline 0.003 -27"><span class='ocrx_word' id='word_1_170' title='bbox 283 3323 390 3396; x_wconf 91' lang='lat' dir='ltr'>molis</span> <span class='ocrx_word' id='word_1_171' title='bbox 407 3323 438 3395; x_wconf 90' lang='lat' dir='ltr'>si</span> <span class='ocrx_word' id='word_1_172' title='bbox 455 3323 603 3396; x_wconf 90' lang='lat' dir='ltr'>seorsim</span> <span class='ocrx_word' id='word_1_173' title='bbox 621 3331 776 3420; x_wconf 86' lang='lat' dir='ltr'>sumptae</span> <span class='ocrx_word' id='word_1_174' title='bbox 795 3325 1073 3422; x_wconf 86' lang='lat' dir='ltr'>perpendantur.</span> <span class='ocrx_word' id='word_1_175' title='bbox 1106 3324 1213 3398; x_wconf 76' lang='lat' dir='ltr'>Tales</span> <span class='ocrx_word' id='word_1_176' title='bbox 1231 3335 1330 3414; x_wconf 88' lang='lat' dir='ltr'>sunt,</span> 
     </span>
     <span class='ocr_line' id='line_1_26' title="bbox 283 3440 1331 3538; baseline 0.001 -23"><span class='ocrx_word' id='word_1_177' title='bbox 283 3441 442 3515; x_wconf 88' lang='lat' dir='ltr'>Menelai</span> <span class='ocrx_word' id='word_1_178' title='bbox 468 3451 505 3514; x_wconf 90' lang='lat' dir='ltr'>et</span> <span class='ocrx_word' id='word_1_179' title='bbox 524 3440 662 3514; x_wconf 89' lang='lat' dir='ltr'>Paridis</span> <span class='ocrx_word' id='word_1_180' title='bbox 688 3449 871 3515; x_wconf 87' lang='lat' dir='ltr'>certarnen</span> <span class='ocrx_word' id='word_1_181' title='bbox 896 3441 1086 3538; x_wconf 82' lang='lat' dir='ltr'>singulare,</span> <span class='ocrx_word' id='word_1_182' title='bbox 1104 3468 1191 3516; x_wconf 83' lang='lat' dir='ltr'>mox</span> <span class='ocrx_word' id='word_1_183' title='bbox 1207 3441 1331 3538; x_wconf 89' lang='lat' dir='ltr'>Ajacis</span> 
     </span>
     <span class='ocr_line' id='line_1_27' title="bbox 283 3557 1330 3656; baseline 0.002 -24"><span class='ocrx_word' id='word_1_184' title='bbox 283 3571 392 3656; x_wconf 91' lang='lat' dir='ltr'>atque</span> <span class='ocrx_word' id='word_1_185' title='bbox 423 3557 602 3647; x_wconf 89' lang='lat' dir='ltr'>Hectoris,</span> <span class='ocrx_word' id='word_1_186' title='bbox 632 3563 691 3631; x_wconf 91' lang='lat' dir='ltr'>tot</span> <span class='ocrx_word' id='word_1_187' title='bbox 719 3561 842 3656; x_wconf 81' lang='lat' dir='ltr'>praelia</span> <span class='ocrx_word' id='word_1_188' title='bbox 873 3559 912 3632; x_wconf 94' lang='lat' dir='ltr'>in</span> <span class='ocrx_word' id='word_1_189' title='bbox 940 3559 1089 3656; x_wconf 88' lang='lat' dir='ltr'>planitie</span> <span class='ocrx_word' id='word_1_190' title='bbox 1127 3559 1330 3648; x_wconf 84' lang='lat' dir='ltr'>commissa,</span> 
     </span>
     <span class='ocr_line' id='line_1_28' title="bbox 283 3676 1331 3774; baseline 0 -24"><span class='ocrx_word' id='word_1_191' title='bbox 283 3677 379 3750; x_wconf 90' lang='lat' dir='ltr'>muri</span> <span class='ocrx_word' id='word_1_192' title='bbox 411 3676 642 3774; x_wconf 87' lang='lat' dir='ltr'>expugnatio,</span> <span class='ocrx_word' id='word_1_193' title='bbox 678 3689 865 3750; x_wconf 85' lang='lat' dir='ltr'>nocturnae</span> <span class='ocrx_word' id='word_1_194' title='bbox 898 3677 1048 3762; x_wconf 83' lang='lat' dir='ltr'>insidiae,</span> <span class='ocrx_word' id='word_1_195' title='bbox 1084 3677 1232 3751; x_wconf 88' lang='lat' dir='ltr'>navium</span> <span class='ocrx_word' id='word_1_196' title='bbox 1264 3701 1331 3774; x_wconf 92' lang='lat' dir='ltr'>op-</span> 
     </span>
     <span class='ocr_line' id='line_1_29' title="bbox 285 3792 1331 3891; baseline 0 -24"><span class='ocrx_word' id='word_1_197' title='bbox 285 3793 475 3891; x_wconf 85' lang='lat' dir='ltr'>pugnatio,</span> <span class='ocrx_word' id='word_1_198' title='bbox 489 3793 705 3890; x_wconf 87' lang='lat' dir='ltr'>Sarpedonis</span> <span class='ocrx_word' id='word_1_199' title='bbox 722 3792 878 3868; x_wconf 89' lang='lat' dir='ltr'>Patrocli</span> <span class='ocrx_word' id='word_1_200' title='bbox 896 3801 1005 3891; x_wconf 89' lang='lat' dir='ltr'>atque</span> <span class='ocrx_word' id='word_1_201' title='bbox 1018 3793 1186 3872; x_wconf 86' lang='lat' dir='ltr'>Hectoris</span> <span class='ocrx_word' id='word_1_202' title='bbox 1203 3795 1331 3868; x_wconf 75' lang='lat' dir='ltr'>caedes.</span> 
     </span>
     <span class='ocr_line' id='line_1_30' title="bbox 283 3908 1334 3984; baseline 0.005 -5"><span class='ocrx_word' id='word_1_203' title='bbox 283 3908 362 3982; x_wconf 89' lang='lat' dir='ltr'>Nec</span> <span class='ocrx_word' id='word_1_204' title='bbox 375 3934 460 3982; x_wconf 89' lang='lat' dir='ltr'>vero</span> <span class='ocrx_word' id='word_1_205' title='bbox 473 3909 617 3983; x_wconf 89' lang='lat' dir='ltr'>concilii</span> <span class='ocrx_word' id='word_1_206' title='bbox 629 3917 665 3982; x_wconf 89' lang='lat' dir='ltr'>et</span> <span class='ocrx_word' id='word_1_207' title='bbox 677 3910 868 3983; x_wconf 89' lang='lat' dir='ltr'>verborum</span> <span class='ocrx_word' id='word_1_208' title='bbox 882 3910 1001 3982; x_wconf 90' lang='lat' dir='ltr'>minor</span> <span class='ocrx_word' id='word_1_209' title='bbox 1012 3917 1068 3982; x_wconf 87' lang='lat' dir='ltr'>est</span> <span class='ocrx_word' id='word_1_210' title='bbox 1080 3910 1183 3982; x_wconf 89' lang='lat' dir='ltr'>ratio.</span> <span class='ocrx_word' id='word_1_211' title='bbox 1221 3908 1334 3984; x_wconf 87' lang='lat' dir='ltr'>Mitto</span> 
     </span>
     <span class='ocr_line' id='line_1_31' title="bbox 284 4025 1334 4123; baseline 0.003 -24"><span class='ocrx_word' id='word_1_212' title='bbox 284 4025 463 4100; x_wconf 86' lang='lat' dir='ltr'>orationes</span> <span class='ocrx_word' id='word_1_213' title='bbox 488 4027 575 4100; x_wconf 88' lang='lat' dir='ltr'>istas</span> <span class='ocrx_word' id='word_1_214' title='bbox 602 4050 692 4123; x_wconf 93' lang='lat' dir='ltr'>quas</span> <span class='ocrx_word' id='word_1_215' title='bbox 717 4027 822 4100; x_wconf 88' lang='lat' dir='ltr'>istius</span> <span class='ocrx_word' id='word_1_216' title='bbox 847 4026 963 4100; x_wconf 86' lang='lat' dir='ltr'>aetatis</span> <span class='ocrx_word' id='word_1_217' title='bbox 988 4026 1123 4100; x_wconf 85' lang='lat' dir='ltr'>bellicae</span> <span class='ocrx_word' id='word_1_218' title='bbox 1147 4035 1334 4102; x_wconf 81' lang='lat' dir='ltr'>concerta·</span> 
     </span>
     <span class='ocr_line' id='line_1_32' title="bbox 283 4143 1333 4240; baseline 0.004 -26"><span class='ocrx_word' id='word_1_219' title='bbox 283 4144 401 4215; x_wconf 90' lang='lat' dir='ltr'>tiones</span> <span class='ocrx_word' id='word_1_220' title='bbox 420 4144 521 4219; x_wconf 88' lang='lat' dir='ltr'>facile</span> <span class='ocrx_word' id='word_1_221' title='bbox 539 4143 750 4240; x_wconf 83' lang='lat' dir='ltr'>capiebant3</span> <span class='ocrx_word' id='word_1_222' title='bbox 778 4144 970 4217; x_wconf 87' lang='lat' dir='ltr'>conciones</span> <span class='ocrx_word' id='word_1_223' title='bbox 996 4156 1119 4217; x_wconf 92' lang='lat' dir='ltr'>autem</span> <span class='ocrx_word' id='word_1_224' title='bbox 1137 4144 1268 4217; x_wconf 83' lang='lat' dir='ltr'>habitae</span> <span class='ocrx_word' id='word_1_225' title='bbox 1292 4145 1333 4218; x_wconf 91' lang='lat' dir='ltr'>in</span> 
     </span>
     <span class='ocr_line' id='line_1_33' title="bbox 284 4257 1333 4360; baseline 0.004 -28"><span class='ocrx_word' id='word_1_226' title='bbox 284 4257 337 4332; x_wconf 70' lang='lat'>2⁶⁰</span> <span class='ocrx_word' id='word_1_227' title='bbox 358 4261 396 4332; x_wconf 93' lang='lat' dir='ltr'>in</span> <span class='ocrx_word' id='word_1_228' title='bbox 419 4263 501 4334; x_wconf 68' lang='lat'>10⁰⁰</span> <span class='ocrx_word' id='word_1_229' title='bbox 527 4270 566 4334; x_wconf 91' lang='lat' dir='ltr'>et</span> <span class='ocrx_word' id='word_1_230' title='bbox 593 4263 631 4334; x_wconf 92' lang='lat' dir='ltr'>in</span> <span class='ocrx_word' id='word_1_231' title='bbox 659 4265 734 4338; x_wconf 80' lang='grc' dir='ltr'>19Ιιο</span> <span class='ocrx_word' id='word_1_232' title='bbox 757 4262 867 4335; x_wconf 90' lang='lat' dir='ltr'>Libro</span> <span class='ocrx_word' id='word_1_233' title='bbox 894 4287 937 4336; x_wconf 92' lang='lat' dir='ltr'>ac</span> <span class='ocrx_word' id='word_1_234' title='bbox 966 4262 1146 4360; x_wconf 84' lang='lat' dir='ltr'>praecipne</span> <span class='ocrx_word' id='word_1_235' title='bbox 1172 4262 1333 4336; x_wconf 90' lang='lat' dir='ltr'>solennis</span> 
     </span>
     <span class='ocr_line' id='line_1_34' title="bbox 283 4377 1332 4478; baseline 0.006 -31"><span class='ocrx_word' id='word_1_236' title='bbox 283 4377 405 4448; x_wconf 91' lang='lat' dir='ltr'>illaad</span> <span class='ocrx_word' id='word_1_237' title='bbox 423 4377 604 4450; x_wconf 83' lang='lat' dir='ltr'>Achillem</span> <span class='ocrx_word' id='word_1_238' title='bbox 622 4379 752 4473; x_wconf 82' lang='lat' dir='ltr'>legatio</span> <span class='ocrx_word' id='word_1_239' title='bbox 769 4379 913 4476; x_wconf 85' lang='lat' dir='ltr'>ingenio</span> <span class='ocrx_word' id='word_1_240' title='bbox 931 4405 972 4454; x_wconf 92' lang='lat' dir='ltr'>ac</span> <span class='ocrx_word' id='word_1_241' title='bbox 988 4379 1190 4478; x_wconf 79' lang='lat' dir='ltr'>prudentiae</span> <span class='ocrx_word' id='word_1_242' title='bbox 1208 4403 1332 4478; x_wconf 89' lang='lat' dir='ltr'>parem</span> 
     </span>
    </p>
   </div>
   <div class='ocr_carea' id='block_1_6' title="bbox 0 0 1534 4908">
    <p class='ocr_par' dir='ltr' id='par_1_8' title="bbox 0 0 1534 4908">
     <span class='ocr_line' id='line_1_35' title="bbox 0 0 1534 4908; baseline 0 0"><span class='ocrx_word' id='word_1_243' title='bbox 0 0 1534 4908; x_wconf 95' lang='lat' dir='ltr'> </span> 
     </span>
    </p>
   </div>
  </div>
 </body>
</html>
