3096 4886
413 293 627 345 rennncrro
648 293 767 344 earne
792 295 1049 346 ruaooonunrs
1245 270 1267 338 9

206 467 332 546 satur3
359 481 445 532 curn
461 457 551 532 nihil
568 459 616 535 sit
632 459 822 551 difficilius,
837 486 954 559 neque
972 462 1069 559 quod
1086 461 1201 559 magis
1219 462 1265 537 ad

205 597 273 648 nos
301 575 491 673 pertineat,
520 601 630 673 quam
659 602 780 652 mores
806 584 845 651 et
869 577 980 651 animi
1015 579 1166 653 affectus
1200 603 1263 652 ex·

206 693 360 789 plorare,
373 717 421 765 ex
434 693 565 790 quibus
583 694 733 768 consilia
750 704 875 769 nostre
886 705 923 768 et
941 695 1102 769 actiones
1116 695 1263 769 omnino

206 809 389 906 pendent3
416 810 508 883 illud
538 817 662 884 autem
691 812 790 909 quod
816 811 855 884 in
884 811 1129 909 pulcherrimo
1159 836 1263 909 argu-

206 937 333 1000 mento
354 935 520 1000 versetur
543 926 590 1002 sit
614 927 736 1025 ipsum
758 927 1044 1026 pulcherrimum
1055 960 1066 1018 ;
1090 931 1167 1026 jam
1189 953 1264 1003 non

205 1044 403 1117 verendum
428 1044 509 1132 erit,
530 1068 602 1141 quo
625 1044 747 1118 minus
767 1044 884 1142 ipsam
901 1043 1033 1120 Poesin
1057 1045 1164 1119 istius
1186 1045 1262 1118 ani·

206 1159 258 1234 mi
279 1160 461 1234 facultatis
488 1185 560 1258 qua
584 1162 630 1234 ad
653 1159 926 1258 Philosophiam
949 1161 1137 1236 evehimur
1158 1187 1261 1236 exer-

206 1277 415 1351 citationem
442 1277 777 1374 praestantissimam
806 1301 883 1351 esse
912 1277 1262 1352 affirmemus—eam

205 1379 330 1467 autem
346 1392 477 1468 Poesin
494 1420 575 1493 quae
592 1395 630 1467 in
647 1395 755 1468 rebus
775 1393 914 1468 Ethicis
937 1403 1101 1467 versatur
1117 1415 1263 1468 summo

205 1511 245 1584 in
262 1513 343 1585 loco
361 1535 552 1608 ponamus,
571 1511 662 1584 nulli
679 1511 912 1586 scientiarum
933 1535 1002 1584 nee
1018 1511 1177 1586 utilitate
1195 1536 1262 1586 nec

206 1627 385 1724 dignitate
402 1627 455 1702 rei
472 1630 681 1702 secundem.

255 1746 409 1820 Accedit
425 1747 487 1820 illa
504 1745 614 1819 etiam
630 1746 787 1821 Poeseos
804 1771 879 1820 non
896 1748 1162 1822 contemnenda
1177 1774 1260 1847 pro·

203 1863 350 1961 prietaS,
368 1864 466 1962 quod
485 1863 662 1938 imitando
688 1863 883 1962 praecipiat.
935 1864 1081 1938 Etenim
1106 1890 1151 1939 ex
1174 1867 1259 1944 vites

202 1980 360 2080 imagine
376 1983 494 2056 acrius
512 1983 630 2056 multo
647 1989 684 2056 et
700 1983 830 2056 lortius
848 2005 958 2079 quam
978 2008 1024 2057 ex
1040 1984 1149 2057 meris
1166 2010 1257 2081 prae-

204 2100 319 2198 ceptis
335 2100 466 2174 veritas
482 2099 682 2174 haurienda
699 2108 766 2175 est.
817 2099 915 2174 Hine
927 2100 1070 2175 animus
1087 2101 1259 2178 inusitate

205 2217 256 2292 rei
274 2217 461 2290 dulcedine
479 2215 650 2290 delinitus
671 2216 768 2290 illius
792 2217 890 2314 quod
915 2217 1109 2314 pulchrum
1132 2225 1169 2291 et
1191 2219 1258 2293 ho.

203 2343 350 2409 nestum
367 2341 424 2408 est
440 2333 553 2408 amori
565 2333 740 2432 paulatim
752 2335 941 2423 assuescit,
954 2341 993 2407 et
1004 2333 1257 2412 humaniorem

202 2453 289 2526 vitae
322 2452 489 2526 habiturn
524 2451 659 2525 sensim
691 2451 821 2525 induit.
875 2449 973 2524 Hinc
1002 2451 1090 2524 dum
1120 2453 1257 2528 alienos

203 2591 322 2642 mores
339 2570 526 2642 intuemur
542 2568 639 2641 intra
656 2577 781 2641 nostra
803 2576 951 2664 pectora
967 2567 1101 2641 similes
1118 2575 1157 2641 et
1173 2593 1257 2668 cog·

202 2691 310 2758 natos
334 2685 487 2759 effectus
512 2684 756 2781 agnoscimus,
781 2694 819 2758 et
844 2708 890 2758 ex
914 2681 1067 2756 aliorum
1089 2688 1257 2783 exemplo

203 2804 385 2877 nobismet
418 2803 505 2900 ipsis
539 2802 719 2877 moderari
744 2801 929 2876 discimus
982 2801 1087 2875 Unde
1113 2802 1257 2878 Plutar-

203 2920 454 3003 chus02—at
494 2920 535 3003 δὲ
569 2931 711 3023 μοῦσαι
738 2917 943 3028 μέμψαιντ’
971 2917 1017 3000 ἅν
1057 2919 1153 3022 ἡμᾶς
1196 2924 1258 3004 καὶ

201 3047 454 3148 παντάπασιν,
476 3056 508 3131 εἰ
534 3050 731 3154 νομίζομεν
755 3049 876 3131 αὐτῶν
897 3048 1009 3154 ἔργον
1037 3042 1129 3130 εἶναι
1152 3047 1255 3132 κιθά-

629 3176 640 3207 h
703 3173 714 3206 ἱ
773 3175 785 3206 ἱ
940 3173 951 3204 Ι
1055 3175 1067 3205 h
1099 3176 1119 3209 Υ

200 3212 274 3284 ραν
293 3181 353 3258 καὶ
371 3173 520 3276 αὐλοὺς,
542 3180 645 3258 ἄλλα
666 3214 720 3279 μη
748 3214 791 3260 το
817 3181 1007 3260 παιδενειν
1024 3213 1071 3258 τα
1089 3183 1174 3280 ηθη,
1195 3183 1258 3260 καὶ

200 3312 430 3410 παρηγορεῖν
464 3305 513 3388 τὰ
544 3304 647 3407 πάθη
681 3313 755 3388 τῶν
787 3305 988 3412 χρωμένων
1021 3301 1157 3405 petum
1195 3310 1257 3387 καὶ

201 3436 404 3540 ἁρμονίαις.
458 3442 560 3528 Quin
594 3449 632 3517 et
664 3443 736 3518 illae
769 3442 915 3516 Pindari
945 3434 1080 3534 σεμναὶ
1107 3435 1258 3538 χαρίτεο

201 3583 277 3632 non
302 3556 485 3632 immerito
512 3557 660 3634 virtutis
688 3566 726 3633 et
753 3556 937 3652 sapientise
971 3555 1151 3632 antistites
1177 3583 1256 3633 esse

202 3677 373 3749 dicuntur
395 3682 434 3749 et
455 3675 571 3773 ipsius
593 3675 699 3750 Jovis
725 3675 816 3750 solio
842 3672 1003 3748 adsidere
1014 3669 1034 3748 '.
1087 3673 1191 3747 Adeo
1210 3674 1255 3748 de

240 3890 253 3921 ⁹
265 3881 419 3943 Plutarch.
435 3880 563 3962 dyarpos.

420 3987 432 4022 ¹
451 3990 497 4040 σὺν
505 3989 553 4054 γὰρ
565 3993 619 4052 ὑμῖν
629 3991 661 4041 τὸ
671 3991 763 4055 τερπνὰ
774 3989 813 4040 sul
824 3987 858 4038 τὰ
868 3986 963 4051 γλυκέα

453 4073 549 4116 'rernm
560 4062 666 4114 πανταβ
682 4075 754 4114 crois,

451 4122 473 4172 cl
484 4122 567 4184 σοφὸς,
579 4121 600 4171 el
608 4133 656 4172 καλ
672 4141 690 4178 r.
703 4121 725 4169 sl
736 4122 773 4173 ris
784 4120 878 4184 ἀγλαὸς

453 4186 520 4249 ἂνήρ.
549 4189 605 4237 οὔτε
616 4187 664 4250 γὰρ
674 4186 730 4236 Ocni

454 4254 546 4312 σεμνᾶν
554 4251 661 4315 χαρίτων
672 4251 731 4314 ἄτερ

451 4318 597 4382 statuum
608 4317 704 4382 χοροὺς,
