3058 4908
402 999 752 1095 PRAELEOTIO
794 1003 1254 1098 DECIMA-SEXTA.

358 1415 447 1489 UAE
466 1416 511 1489 de
527 1417 649 1491 fabula
659 1416 855 1492 Homerica
870 1417 943 1492 huc
956 1441 1072 1514 usque
1089 1417 1355 1515 disputavimus

382 1535 428 1606 ad
446 1533 560 1608 Iliada
575 1534 751 1631 propriori
772 1537 851 1632 jure
875 1536 1069 1632 pertinent„
1121 1535 1207 1608 Non
1224 1534 1293 1609 nisi
1316 1538 1355 1610 in

304 1651 367 1724 illa
384 1653 609 1747 singulorum
626 1653 785 1748 partium
802 1653 967 1726 ordinem
983 1663 1020 1726 ct
1043 1677 1256 1750 compagem
1272 1677 1354 1750 per·

304 1770 551 1844 tractavimus.
579 1769 708 1843 Restat
720 1770 840 1844 adhuc
852 1769 1019 1867 Odyssea
1031 1769 1108 1867 pari
1120 1769 1242 1843 studio
1255 1771 1354 1844 evol·

302 1888 431 1974 venda,
449 1899 486 1960 et
509 1892 566 1976 (ut
583 1885 699 1960 dicam
726 1888 826 1985 quod
851 1887 980 1972 sentio)
1001 1887 1062 1960 vix
1086 1889 1225 1961 minore
1245 1889 1354 1962 laude

302 2005 420 2100 digna.
473 2004 651 2101 Equidem
681 2005 719 2077 in
745 2009 900 2102 utroque
929 2029 1038 2101 opere
1066 2004 1161 2077 idem
1188 2004 1355 2078 divinum

301 2130 339 2194 et
372 2123 579 2218 praecellens
612 2121 798 2218 ingenium
836 2121 958 2194 mirari
990 2123 1101 2208 soleo,
1137 2122 1235 2219 quod
1269 2145 1356 2195 cum

301 2239 402 2312 omni
426 2240 510 2312 vitae
536 2241 742 2336 imperitare
768 2241 876 2328 valet,
898 2265 964 2336 pro
989 2252 1205 2336 argumento
1230 2247 1355 2312 tamen

214 2399 222 2409 -
302 2378 369 2428 suo
399 2357 608 2429 moderatur
638 2356 718 2442 sibi,
747 2362 785 2428 et
814 2356 956 2430 diverso
985 2355 1114 2429 habitu
1143 2380 1182 2428 sc
1211 2354 1353 2446 induit;

303 2497 420 2570 neque
454 2499 513 2546 me
548 2481 671 2547 movet
701 2473 891 2546 temeraria
919 2471 1075 2568 Longini
1104 2497 1177 2547 vox
1207 2497 1280 2570 qua
1307 2473 1355 2548 ad

304 2591 453 2664 senilem
486 2592 736 2686 garrulitatem
771 2589 924 2663 Homeri
955 2589 1160 2688 Odysscam
1193 2599 1350 2677 revocat,

302 2707 371 2780 viri
389 2708 523 2782 scilicet
540 2709 602 2806 qui
624 2707 768 2805 ingenio
794 2709 918 2804 potius
941 2732 1009 2780 suo
1026 2731 1137 2804 quam
1159 2707 1296 2804 judicio
1314 2732 1353 2784 se

303 2824 429 2899 efferre
447 2828 551 2913 solet,
571 2835 609 2899 et
633 2827 671 2899 in
689 2827 760 2900 hoc
782 2826 863 2922 ipso
885 2829 966 2899 loco
983 2825 1073 2898 mihi
1090 2826 1238 2922 quidem
1254 2827 1352 2901 vide·

302 2948 364 3014 tur
384 2943 495 3038 (quod
513 2943 650 3016 saciunt
666 2942 849 3016 Neoterici
866 2943 1025 3040 quidam)
1045 2943 1155 3018 unius
1180 2951 1246 3017 aut
1262 2946 1352 3018 alte·

302 3057 376 3131 rius
393 3060 568 3134 vibrantis
594 3062 821 3134 sententiolae
847 3086 956 3136 causa
972 3087 1083 3159 quam
1107 3061 1228 3135 animo
1254 3063 1352 3160 prius

301 3186 513 3272 conceperat
547 3186 804 3274 argumentum
834 3204 943 3253 suum
976 3180 1229 3253 confinxisse⁸.
1282 3179 1354 3254 Sed

301 3292 346 3364 ad
365 3292 485 3389 ipsum
504 3321 597 3391 opus
614 3298 816 3371 veniamus

354 3409 476 3485 Liceat
493 3421 617 3484 autem
643 3414 756 3510 magis
781 3413 1035 3510 compendiose
1061 3414 1155 3487 hanc
1179 3438 1256 3487 rem
1274 3439 1354 3510 per·

301 3555 457 3617 currere,
476 3554 562 3603 cum
587 3529 625 3603 iu
642 3555 717 3604 uno
734 3556 842 3628 opere
861 3531 936 3628 jam
955 3531 1042 3605 satis
1058 3531 1216 3604 vidimus
1234 3531 1354 3605 Fabu-

302 3651 376 3722 lam
404 3647 552 3745 Epicam
583 3658 621 3721 et
647 3647 834 3722 inventam
861 3650 908 3722 ab
935 3647 1095 3722 Homero
1122 3657 1161 3722 et
1186 3672 1355 3724 consum·

301 3777 438 3842 matam
473 3767 597 3841 fuisse.
650 3767 747 3841 Sunt
781 3769 890 3842 etiam
924 3769 1020 3842 inter
1053 3793 1096 3841 ea
1126 3791 1207 3865 quae
1244 3793 1356 3866 supra

300 3891 519 3982 pertractata
553 3890 652 3971 sunt,
689 3911 770 3982 quae
803 3885 1046 3958 communiter
1078 3885 1125 3957 ad
1158 3897 1355 3982 utrumque

300 4031 432 4103 poema
448 4005 572 4078 referri
590 4011 755 4102 possunt.
808 4003 855 4076 In
874 4011 1030 4100 utroque
1053 4005 1190 4100 pariter
1205 4029 1274 4101 pro
1292 4006 1356 4078 illa

299 4123 379 4216 lege
397 4146 503 4219 quam
525 4121 673 4219 propria
696 4120 829 4195 mentis
846 4123 883 4194 vi
909 4121 1176 4218 excogitaverat
1193 4123 1354 4196 fabulam

299 4239 369 4312 sibi
394 4241 578 4336 quaerebat
595 4239 720 4325 Poeta,
739 4264 819 4336 quae
842 4249 879 4312 et
901 4240 1112 4313 varietatem
1138 4239 1290 4314 actionis
1313 4238 1354 4313 in

706 4415 720 4444 ⁸
740 4403 874 4484 meysa,
889 4401 906 4482 ἓ
921 4425 949 4481 9·
