3094 4898
533 308 744 356 ramnncrro
770 308 920 358 unsrun.
1194 303 1256 368 173

201 463 457 558 proportiones
476 483 556 557 quae
574 459 611 532 in
626 465 756 532 natura
774 461 894 533 locum
913 461 1048 535 habent
1065 462 1256 559 diligenter

201 581 297 653 iuter
326 603 365 652 se
395 578 557 652 conferre
588 578 706 651 solent
736 588 773 651 et
801 577 840 650 iu
870 602 1036 652 sermone
1066 604 1253 676 usurpare.

200 697 286 770 Jarn
314 695 525 769 Graecorum
554 694 694 766 indoles
725 693 814 766 acris
848 702 957 792 atque
991 695 1181 792 perspicax
1209 699 1255 771 ad

201 813 279 886 haec
297 811 520 886 observanda
537 835 611 905 prae
628 809 765 882 caeteris
784 822 954 907 prompta
964 819 1051 886 erat.
1081 813 1254 910 Antiquae

200 929 332 1025 linguae
364 927 574 1032 simplicitas
601 935 638 1000 et
667 924 870 1000 Verborum
897 929 1049 1024 penuria
1076 930 1114 1002 in
1144 954 1254 1004 causa

200 1052 304 1120 erant
321 1070 388 1118 eur
403 1045 481 1117 haec
499 1045 537 1116 in
561 1067 765 1117 sermonem
783 1044 989 1141 frequenter
1006 1047 1251 1134 transferrent,

199 1162 399 1259 praesertim
411 1186 494 1234 cum
509 1162 607 1257 apud
620 1160 702 1234 illos
719 1161 821 1234 nulla
838 1162 1106 1259 peregrinarum
1120 1187 1254 1238 vocum

198 1289 279 1356 erat
303 1281 471 1368 invectio,
490 1288 599 1378 atque
625 1280 711 1354 hinc
728 1305 773 1354 ex
799 1283 878 1378 ipsa
902 1283 1036 1379 linguae
1063 1283 1200 1357 ratione
1217 1295 1253 1359 et

199 1400 321 1473 indole
345 1399 513 1496 frequens
538 1409 616 1472 erat
644 1397 940 1494 Metaphorarum
964 1424 1067 1486 usus,
1094 1401 1184 1473 adeo
1211 1412 1253 1473 ut

199 1517 270 1590 illae
293 1540 373 1614 quae
398 1517 497 1614 apud
523 1515 611 1590 alios
636 1514 773 1588 duriter
790 1526 922 1589 sonant
942 1516 1079 1591 Graecis
1106 1517 1252 1592 auribus

200 1635 398 1708 notissimae
416 1635 489 1706 sint
504 1667 564 1706 :-
690 1667 695 1680 ·

196 2569 271 2618 non
290 2544 384 2618 enirn
403 2545 508 2618 unice
533 2569 577 2618 ex
604 2569 725 2618 rerum
742 2544 922 2642 Analogia
946 2545 1025 2617 haec
1043 2569 1100 2618 res
1118 2545 1251 2641 pendet

196 2663 261 2736 sed
286 2664 418 2759 lingnae
443 2664 615 2737 idiomate
642 2670 680 2736 ct
705 2661 871 2759 populari
888 2686 958 2735 usu
982 2663 1258 2759 comprobanda·

196 2791 264 2854 est.
304 2779 482 2854 Herodoti
499 2805 618 2854 sermo
637 2781 750 2878 siquis
768 2779 861 2853 alius
878 2778 1065 2876 antiquam
1083 2779 1250 2876 simplici-

196 2904 311 2972 tatem
323 2900 486 2986 redolct;
505 2923 613 2973 nemo
631 2906 754 2988 tamen
768 2897 990 2994 metaphoris
1012 2897 1125 2992 magis
1142 2899 1250 2971 luxu-

194 3017 278 3102 riat,
292 3023 401 3113 atque
415 3015 505 3088 illud
518 3024 594 3089 tam
607 3015 703 3089 facili
716 3041 737 3089 a
750 3014 898 3113 proprio
912 3038 1021 3088 sensu
1034 3015 1080 3088 ad
1094 3015 1250 3088 alterum

194 3137 364 3221 transitu,
395 3144 437 3207 ut
471 3135 648 3229 legentem
684 3157 931 3231 saepenumero
960 3134 1062 3207 fallat
1096 3133 1251 3230 figurata

195 3251 317 3340 dictio,
337 3276 525 3348 uunquam
542 3259 663 3325 autem
690 3253 841 3325 moleste
867 3252 905 3324 in
931 3253 1055 3325 oculos
1075 3250 1247 3325 incurrat.

194 3369 251 3444 Ex
268 3370 339 3444 hoc
355 3370 478 3467 itaque
498 3368 749 3466 antiquissimo
772 3369 925 3442 authore
946 3375 984 3442 et
1004 3367 1140 3442 nullius
1162 3368 1248 3442 arti-

193 3488 266 3562 ficii
283 3487 361 3561 viro
384 3488 429 3559 de
446 3511 532 3560 vera
554 3487 686 3582 linguae
708 3487 828 3560 indole
851 3486 1038 3560 satistuto
1057 3487 1247 3560 decemen-

194 3607 282 3679 dum
301 3613 366 3680 est.

244 3723 312 3797 Est
336 3733 373 3797 et
399 3722 497 3797 aliud
524 3723 563 3796 in
589 3730 801 3797 transcursu
828 3723 1043 3809 notandum,
1072 3721 1166 3793 inter
1191 3744 1247 3793 or·

192 3861 288 3928 natae
309 3853 477 3929 dictionis
494 3855 671 3928 vocabula
695 3863 781 3927 sunt
799 3848 964 3944 γλῶτται
982 3873 1046 3922 seu
1069 3849 1248 3921 vocabula

191 3974 391 4073 peregrina,
411 3999 455 4047 eo
473 3972 641 4049 facilioris
668 3971 765 4068 apud
785 3970 932 4043 Graecos
951 3993 1052 4055 usus,
1071 3965 1169 4064 qnod
1186 3965 1247 4040 illa

192 4116 267 4165 non
292 4097 370 4166 tam
395 4116 441 4164 ex
467 4091 537 4164 alia
562 4090 687 4187 lingua
712 4112 821 4185 quarn
847 4111 893 4158 ex
918 4084 988 4159 alia
1013 4085 1168 4159 dialecto
1187 4086 1246 4157 de-

191 4211 370 4284 sumenda
387 4217 501 4282 erant.

230 4359 242 4382 ⁸
261 4349 360 4424 Pina,
380 4351 491 4431 Olymp.
509 4349 537 4408 6.
684 4345 697 4384 δ
719 4345 808 4417 Ibid„
828 4366 852 4406 2.
998 4354 1007 4378 ⁶
1027 4343 1071 4405 Il.
1088 4355 1117 4404 Φ.
1137 4345 1202 4419 388.
