3094 4898
356 859 788 953 PRAELEOTIO
840 859 1132 952 DECIMA.

223 1231 554 1414 EXPLICATIS
567 1270 640 1344 fere
665 1270 803 1345 caeteris
830 1253 910 1369 quae
928 1269 1163 1345 Homericam
1190 1277 1275 1345 aeta-

300 1394 378 1462 tem
404 1393 584 1485 spectant,
613 1387 761 1460 tandem
791 1388 838 1460 ad
864 1386 1001 1460 Graecae
1032 1386 1167 1485 linguae
1193 1412 1276 1483 pro·

222 1508 395 1605 prietates
422 1505 597 1592 devenio;
624 1505 819 1578 obscuram
838 1504 986 1602 quidem
1005 1503 1105 1577 illam
1131 1512 1170 1578 et
1194 1528 1277 1600 per-

222 1624 403 1698 difficilem
422 1623 671 1718 quaestionem,
691 1627 729 1696 et
754 1621 907 1695 fortasse
932 1645 977 1694 ex
1002 1622 1082 1718 ipsa
1099 1646 1167 1695 sua
1192 1621 1277 1695 sub-

220 1737 354 1812 tilitate
382 1736 512 1810 auditu
542 1735 662 1808 minus
687 1733 903 1832 jucundam,
928 1759 1042 1831 quam
1071 1740 1196 1808 tamen
1224 1735 1279 1806 in-

222 1856 452 1952 exploratam
470 1852 671 1950 relinquere
690 1853 974 1948 haudquaquam
991 1877 1051 1925 me
1067 1852 1155 1926 sinit
1176 1853 1279 1926 inst'·

223 1971 296 2046 tuti
325 1971 445 2068 operis
475 1970 579 2044 ratio.
633 1969 728 2043 Cum
757 1968 855 2042 enim
883 1994 1001 2044 sermo
1029 1969 1195 2044 omnium
1223 1995 1279 2043 ar·
1322 2037 1326 2044 .
1406 2015 1410 2022 ·

223 2090 318 2162 tium
345 2093 384 2162 et
413 2087 648 2162 scientiarum
683 2112 880 2160 commune
911 2095 967 2161 est
982 2088 1281 2184 ¹instrumentum

225 2212 335 2304 atque
351 2206 553 2292 vinculum,
572 2205 611 2279 in
628 2230 667 2279 re
691 2205 835 2302 poetica
857 2204 1081 2302 praecipuum
1098 2205 1282 2303 quendam

224 2321 348 2394 locum
374 2318 496 2392 habet.
551 2318 693 2417 Sequor
717 2317 830 2415 igitur
847 2343 1066 2416 quocunque
1091 2343 1281 2415 argumen-

227 2449 308 2511 tum
326 2461 450 2510 meum
468 2461 527 2510 me
543 2445 650 2510 vocat
662 2467 725 2509 :-

476 2581 494 2610 “
506 2576 620 2636 Fronto
633 2574 711 2636 exile
725 2576 893 2655 nogotium,

500 2670 542 2732 Et
555 2671 680 2750 dignum
695 2671 801 2751 pueris
815 2677 922 2752 putes3

500 2766 662 2846 Aggressis
671 2767 757 2829 labor
770 2767 892 2839 arduus.

500 2863 568 2924 Nec
582 2863 736 2926 tractabile
749 2863 869 2945 pondus
883 2871 929 2924 est
939 2861 984 2923 ·.”

224 2990 310 3065 Non
341 2991 439 3064 enim
468 3016 513 3066 ex
539 2994 696 3089 vulgatis
726 2995 778 3068 rei
806 2993 1061 3069 Grammaticae
1092 2991 1280 3092 principiis

226 3110 384 3184 eruenda
414 3134 473 3183 res
498 3121 566 3199 est,
595 3112 657 3185 sed
686 3137 732 3185 ex
758 3113 910 3187 seientia
938 3114 1052 3210 magis
1079 3113 1220 3186 excelsa
1246 3117 1284 3186 et

227 3223 342 3318 magis
371 3223 570 3298 recondita.
624 3225 705 3299 Nec
737 3251 825 3300 vero
856 3227 1005 3326 exiguas
1038 3226 1118 3301 illas
1151 3225 1284 3300 Graecae

225 3339 359 3435 linguae
376 3340 614 3436 proprietates
633 3367 715 3440 quae
733 3345 781 3417 ad
798 3345 986 3419 literarum
1004 3351 1042 3418 et
1059 3345 1282 3443 syllabarum

226 3480 360 3530 sonum
387 3469 425 3532 et
452 3460 640 3534 materiam
674 3461 858 3558 pertinent
894 3464 1061 3536 evolvere
1090 3461 1129 3533 in
1160 3459 1282 3533 animo

226 3585 297 3660 est,
328 3599 538 3672 quanquam
571 3603 618 3651 ex
652 3579 720 3652 hac
750 3580 860 3652 etiam
895 3591 998 3678 parte
1033 3584 1071 3653 et
1105 3601 1216 3651 suave
1245 3587 1283 3649 et

227 3691 463 3788 magnificum
481 3703 586 3769 sonet
602 3695 727 3793 lingua
744 3695 872 3770 Graeca
884 3729 944 3768 :—

506 3875 546 3887 -
559 3847 579 3876 ‘⁴
590 3843 687 3904 Graiis
701 3842 784 3904 dedit
797 3863 848 3904 ore
861 3842 994 3904 rotundo

386 3935 480 3998 Musa
492 3935 647 4018 ioqui.”-

227 4085 309 4154 tum
326 4079 437 4154 etiam
459 4067 675 4159 ἐπεκτάσεις
694 4083 766 4156 illae
787 4093 824 4157 et
848 4075 1034 4154 ἀποκοπαὶ
1055 4092 1093 4157 et
1117 4069 1282 4178 ἔξαλλα·

227 4203 304 4302 γαὶ,
324 4233 405 4308 quae
429 4209 564 4285 Graecis
590 4212 779 4288 familiares
805 4218 923 4301 erant,
940 4211 1066 4286 Poetae
1087 4218 1186 4287 certe
1209 4237 1284 4287 non

477 4339 491 4369 ⁸
513 4333 672 4397 Tar-entim.
687 4335 790 4399 Maar-
805 4338 838 4398 ia
851 4335 974 4414 Prafot.

745 4459 774 4506 u
