3094 4898
299 314 363 378 180
640 325 850 375 muscum
870 325 1017 375 mom.

299 497 404 583 parte
432 496 520 562 sunt
544 475 701 602 πᾷστος,
725 476 957 574 πολλοστὸς,
975 487 1108 584 quibus
1132 486 1356 583 respondent

298 603 431 703 πόσος,
449 606 755 694 πολλάπλασιος.

347 733 391 806 In
408 733 693 809 Praedicamento
713 733 913 818 Qualitatis
931 735 1058 808 eadem
1083 740 1140 807 est
1157 733 1352 807 vocabulo·

298 887 380 936 rum
407 867 512 953 rati0,
533 855 620 952 οἶος,
648 865 868 952 Relativum,
886 850 1002 952 ποῖος,
1030 862 1350 958 Interrogativum,

300 983 437 1079 ὁποῖος,
468 992 718 1082 Indefinitum,
749 991 809 1066 cui
834 991 944 1065 etiam
969 1002 1013 1064 ut
1043 991 1144 1088 prius
1170 990 1228 1063 sui
1263 1001 1354 1063 sunt

301 1125 444 1221 gmduS,
472 1121 582 1211 τοῖος,
611 1123 963 1212 Demonstrativum‚
992 1128 1030 1196 et
1055 1124 1086 1196 si
1111 1123 1225 1218 magis
1250 1121 1352 1195 Defi-

300 1251 376 1324 nite
393 1252 498 1348 quasi
516 1250 628 1346 digito
647 1252 728 1347 quis
746 1251 992 1324 demonstrare
1009 1250 1108 1336 velit,
1122 1241 1327 1319 τοίοσδε-

501 1419 573 1490 Μᾶψ
586 1416 765 1474 nemum
776 1419 886 1474 meurs,
899 1418 1140 1489 nsasruxmev,

494 1513 644 1586 Ἀπρηκτον
656 1517 773 1586 πόλεμον
784 1515 958 1584 maleficus&

299 1647 421 1720 Hasce
437 1646 548 1742 igitur
565 1615 759 1722 diuisiones
777 1674 858 1746 quae
874 1658 971 1721 certe
981 1643 1246 1741 Philosophicae
1263 1653 1353 1715 sunt

300 1763 460 1836 veritatis
486 1764 588 1837 nulla
613 1765 683 1838 alia
707 1765 833 1862 lingua
849 1772 925 1837 tam
943 1762 1170 1836 abundanter
1186 1765 1349 1857 prestat.

299 1892 440 1966 Rursus
468 1892 632 1966 formulae
659 1893 738 1967 istae
764 1883 849 1966 τόδε
877 1920 924 1981 τι,
952 1891 982 1965 si
1007 1891 1094 1988 quid
1117 1889 1236 1988 quoad
1260 1887 1351 1960 Suu

299 2011 470 2096 stantiam
488 2022 691 2114 definiatur,
710 2009 835 2097 ποσόν
852 2051 900 2112 τι,
920 2027 951 2098 si
977 2025 1065 2122 quid
1083 2023 1204 2121 quoad
1222 2020 1351 2105 Quan-

298 2153 454 2239 titatem,
472 2142 582 2223 ποῖον
603 2179 637 2224 τι
660 2152 692 2226 si
708 2151 795 2250 quid
816 2153 936 2249 quoad
953 2153 1190 2239 Qualitatem,
1209 2147 1350 2222 Graece

298 2295 379 2342 rum
395 2269 553 2367 proprie
571 2276 670 2344 sunt.

349 2381 600 2461 Relativorum
633 2387 781 2462 nomina
814 2389 886 2461 illis
916 2413 1001 2462 cum
1030 2387 1109 2461 aliis
1143 2383 1354 2460 communia

298 2513 397 2577 sunt.
450 2502 791 2600 Patronymicorum
811 2512 935 2577 autem
962 2528 1042 2599 quae
1060 2509 1197 2577 vocant
1219 2524 1353 2596 magna

298 2626 355 2693 est
384 2619 499 2716 eopia,
528 2643 609 2717 quae
639 2619 787 2716 quidem
817 2643 874 2694 res
902 2645 924 2693 a
953 2619 1115 2692 moribus
1144 2627 1354 2714 temporum

298 2735 484 2834 profluxit.
519 2734 665 2808 Etenim
677 2735 715 2808 in
729 2738 916 2810 communi
933 2737 1078 2833 loquela
1089 2733 1223 2809 titulus
1236 2734 1353 2808 cuivis

299 2853 454 2926 dabatur
475 2853 536 2926 vel
558 2876 580 2924 a
604 2855 706 2948 putre
723 2855 783 2925 vel
798 2876 822 2925 a
846 2853 1028 2950 majorum
1044 2851 1166 2947 aliquo
1183 2852 1244 2924 vel
1259 2875 1282 2924 a
1301 2847 1353 2922 fa·

300 2970 410 3056 milia,
429 2977 540 3066 atque
562 2970 635 3042 hoc
661 2967 772 3042 etiam
789 2969 907 3065 magis
925 2995 998 3066 quo
1016 2968 1267 3042 vehementius
1290 2965 1356 3040 ali·

230 3071 236 3084 ⁸
299 3113 408 3184 quem
439 3088 720 3186 compellabant.
773 3088 1022 3162 Vehementer
1050 3086 1267 3162 obtestantis
1296 3091 1356 3160 est

299 3207 389 3278 illud
403 3235 466 3276 :-

470 3329 472 3334 ⁸
498 3331 633 3404 Πατρόθεν
647 3333 675 3387 ἐκ
688 3337 777 3406 γενεῆς
791 3335 922 3405 ὀνομάζων
934 3333 1014 3408 ἄνδρα
1028 3335 1148 3405 fnum»,

444 3473 449 3482 .
499 3430 602 3486 Πάντας
615 3429 768 3486 munim&

301 3554 373 3629 Cui
403 3581 478 3630 non
500 3555 541 3635 in
571 3555 653 3654 ipso
680 3556 808 3630 stetim
833 3557 983 3654 Tydidis
1015 3557 1162 3632 nomine
1191 3567 1355 3632 mentem

299 3673 399 3748 subit
432 3674 523 3748 illud
551 3673 661 3769 ¹quod
695 3695 961 3772 nonnunquam·
991 3675 1197 3771 argumenti
1232 3676 1356 3748 locum

300 3789 411 3863 habet
423 3821 431 3863 :

616 3919 692 3974 Τοῖος
704 3918 749 3987 ἔην
760 3917 857 3975 'Mem
869 3911 1034 3975 AMRW·

301 4043 550 4116 Romanorum
568 4044 772 4140 Agnomen‚
786 4043 1012 4134 Praenomen,
1026 4043 1243 4142 Cognomen
1259 4044 1354 4141 ejus-

299 4160 384 4232 dem
401 4165 489 4232 sunt
506 4160 658 4256 generis.

338 4348 409 4408 ¹11.
426 4361 455 4407 Β.
477 4367 540 4407 120.
705 4361 718 4384 ⁸
737 4349 816 4413 Ibid.
833 4365 865 4413 K.
880 4353 930 4411 68.
1069 4351 1082 4386 ⁸
1102 4349 1181 4414 Ibid.
1196 4367 1227 4414 Δ,
1246 4371 1313 4432 399.
