3094 4898
275 257 339 324 146
626 261 841 311 emanante
861 261 971 308 NONA.

271 418 363 493 tavit
379 423 502 489 autern
526 437 600 486 non
618 409 859 485 Scientiarum
875 409 1124 499 Theoremata,
1143 435 1219 485 non
1236 411 1330 485 veri-

271 534 357 607 tatis
374 537 566 629 precepta,
586 529 650 603 sed
673 527 877 601 fabularum
894 551 1048 600 messem
1067 531 1211 626 qualem
1228 531 1332 603 nulla

189 657 192 664 ’
270 646 340 720 alia
357 645 456 740 regio
474 667 637 740 unquam
655 639 821 738 protulit.
856 639 982 712 Tradit
999 666 1085 715 vero
1107 665 1170 715 eos
1187 665 1329 715 anuum

272 763 434 836 Solarem
463 759 687 856 excogitasse
716 757 830 830 etad
863 756 1129 831 exactissimam
1162 783 1329 832 normam

271 879 503 953 concinnasse
514 875 532 950 ¹.
587 875 781 950 Medicinae
807 876 958 972 insuper
973 899 1121 972 operam
1142 875 1283 949 dedisse
1292 883 1327 962 ²²²,

271 1006 309 1069 et
327 993 573 1068 Geometriam
590 996 650 1066 vel
668 993 791 1090 potius
810 993 1042 1066 mensurandi
1059 1003 1175 1066 artem
1192 992 1330 1089 primos

272 1110 500 1198 invenisse¹¹;
545 1109 727 1206 religionis
761 1108 874 1182 etiam
912 1109 1003 1183 ritus
1037 1115 1076 1182 et
1109 1111 1330 1183 ceremonias

273 1228 558 1326 quamplurimas
596 1228 634 1300 in
668 1224 853 1328 Graeciam
888 1227 1132 1300 transmisisse
1141 1233 1166 1298 ⁰.
1237 1227 1331 1300 Haec

160 1427 168 1442 ,
273 1347 347 1420 sere
373 1343 605 1434 Herodotus;
638 1368 705 1417 nee
731 1368 816 1417 vero
842 1345 887 1419 ab
919 1369 1045 1442 eorum
1072 1346 1240 1418 doctrina
1270 1346 1332 1418 de·

272 1471 427 1538 trectare
443 1462 613 1547 voluisse,
633 1484 701 1534 nee
718 1485 793 1535 non
812 1461 955 1557 singula
971 1462 1126 1534 fideliter
1143 1485 1330 1536 enarrasse

272 1581 347 1654 ulla
364 1579 579 1675 suspicionis
604 1600 713 1651 causa
734 1588 801 1666 est,
821 1602 907 1651 cum
924 1579 1021 1650 ultro
1047 1578 1211 1672 agnoseit
1228 1601 1329 1674 mag-

271 1719 356 1768 nam
400 1691 583 1791 religionis
624 1694 761 1768 Graecae
804 1702 947 1792 partem
981 1694 1209 1791 AEgyptiaoae
1250 1718 1331 1769 esse

272 1812 428 1908 originis.
481 1811 616 1884 Eadem
642 1811 715 1884 fere
732 1811 915 1884 Diodorus
941 1811 1106 1908 pluribus
1124 1811 1242 1885 verbis
1268 1836 1331 1884 ex·

271 1929 386 2025 ponit,
404 1928 450 2000 de
472 1952 598 2019 eorum
619 1927 802 2001 Medicina
812 1935 838 2016 ¹²,
858 1925 1068 2001 Geometria
1090 1935 1128 2001 et·
1145 1927 1331 2000 Aritbme-

271 2046 368 2119 tica‘¹
393 2047 547 2120 fidenter
571 2045 744 2141 loquitur,
772 2069 817 2118 ex
848 2068 921 2141 qua
951 2052 1075 2118 autem
1101 2051 1206 2142 parte
1232 2043 1333 2118 hisce

273 2163 403 2237 studiis
429 2159 678 2259 invigilabant,
696 2171 735 2236 et
760 2183 841 2259 quae
866 2163 905 2234 in
931 2160 1085 2257 singulis
1110 2161 1333 2235 invenerunt

272 2281 506 2354 desideratur.
543 2278 817 2354 Astronomiam
836 2303 961 2353 eorum
978 2279 1162 2352 collaudat
1174 2287 1197 2353 ¹.
1235 2278 1333 2355 Stel-

237 2417 244 2432 ·
274 2400 390 2472 larum
425 2398 519 2472 inter
553 2421 592 2470 se
627 2398 720 2470 situs
754 2407 791 2470 et
826 2408 947 2468 motus
983 2403 1150 2470 accurate
1185 2395 1334 2469 novisse

273 2516 396 2602 tradit,
415 2517 644 2612 planetarum
671 2515 781 2589 etiam
806 2529 929 2588 motus
954 2515 1172 2588 revolubiles
1192 2520 1231 2586 et
1256 2523 1332 2586 sta-

273 2633 404 2722 tiones,
433 2633 523 2730 quin
548 2640 586 2706 et
615 2632 826 2730 AEnopiden
853 2631 1043 2728 obliquum
1068 2631 1154 2704 solis
1181 2655 1331 2705 cursum

273 2752 318 2823 ab
344 2749 413 2823 illis
436 2749 603 2824 didicisse
630 2749 705 2823 ait⁸
717 2781 726 2836 ;
754 2749 818 2823 sed
844 2747 1012 2822 notitiam
1039 2749 1186 2836 hancce,
1215 2757 1254 2820 ut
1285 2773 1332 2820 ex

273 2865 422 2940 Diodori
447 2867 566 2940 verbis
591 2873 704 2963 patet,
730 2867 769 2938 in
794 2865 1062 2962 superstitionis
1087 2889 1178 2939 usus
1204 2865 1333 2938 refere-

274 2983 374 3070 bant,
393 2984 431 3055 in
448 3007 511 3056 eos
528 3009 620 3079 quos
638 2983 817 3057 recentior
835 2988 922 3055 aetas
940 2979 1189 3078 Astrologieos
1213 2981 1332 3054 nomi-

273 3097 385 3171 navit.
440 3099 679 3172 Cometarum
696 3101 807 3174 etiam
825 3099 920 3172 vioes
938 3124 1013 3202 non
1036 3123 1082 3172 ex
1101 3097 1270 3186 Scientia,
1288 3111 1335 3172 ut

272 3213 428 3300 videtur,
462 3238 534 3286 non
569 3239 612 3287 ex
639 3216 777 3290 calculo
808 3216 994 3304 eruebant,
1025 3216 1089 3290 sed
1122 3215 1334 3311 conjectura

274 3331 582 3430 assequebantur3
611 3335 739 3407 eodem
765 3333 903 3407 seilicet
928 3358 1028 3407 more
1054 3344 1091 3406 et
1121 3334 1231 3406 modo
1257 3357 1333 3428 quo

273 3459 425 3522 eventus
443 3447 526 3522 belli
544 3457 582 3522 et
605 3449 770 3522 fortunas
796 3449 1145 3546 rerumpublicarum
1164 3449 1332 3546 predice-

274 3567 361 3640 bant
382 3567 616 3664 Haruspices.
670 3565 801 3641 Strabo
818 3567 1004 3665 AEgyptiis
1022 3568 1147 3641 tribuit
1166 3567 1331 3640 Philoso-

273 3683 396 3779 phiam
415 3693 451 3756 et
468 3683 764 3758 Astronomiarn‘
781 3694 818 3757 et
836 3684 1053 3759 Geometriae
1071 3685 1333 3770 inventionem,

313 3894 322 3931 ¹
344 3896 464 3968 Herod,
482 3893 499 3953 l.
514 3893 545 3953 ii.
561 3915 584 3954 r.
601 3915 628 3969 4.
863 3903 875 3936 Ρ
896 3896 982 3954 Diod.
1000 3895 1071 3962 Sia..
1087 3893 1106 3952 Ι.
1122 3897 1139 3953 i.
1155 3915 1180 3954 e.
1195 3897 1242 3953 82.

314 3983 336 4013 ¹¹¹
357 3973 446 4046 Ibid.,
463 3995 487 4033 e.
505 3977 550 4048 84
862 3983 874 4024 l
896 3974 986 4044 Ibid,
1001 3995 1027 4034 c.
1045 3977 1091 4031 81.

313 4061 326 4085 ¹¹
348 4051 436 4125 lbid.,
462 4073 487 4112 o.
517 4072 588 4131 109:
630 4054 713 4113 Ptol.
748 4053 781 4110 in
861 4053 972 4112 ¹'lbid.

274 4131 418 4198 Plectra:
449 4131 571 4192 Proclua
593 4135 625 4192 in
648 4133 778 4201 Eureia,
862 4132 1021 4199 'lbid.,c.
1038 4134 1084 4208 98.

276 4211 295 4268 l.
312 4229 338 4267 a.
683 4257 688 4278 .
860 4215 867 4246 ¹
889 4213 1003 4286 Strabo,
1021 4211 1117 4272 ixvii.
1129 4213 1332 4292 pp.787,816.

313 4295 326 4324 ⁰
349 4289 466 4360 Herod,
482 4289 501 4348 l.
517 4291 545 4348 ii.
561 4309 585 4347 c.
605 4309 649 4368 50,
666 4295 718 4352 dne.
