3096 4886
572 291 785 352 PRAELEt'rlo
810 295 950 342 rearis.
1244 277 1285 338 tl

235 441 448 516 commorati
466 464 570 538 agros
589 441 764 516 finitimos
782 443 1009 540 diripiebant,
1029 455 1064 520 et
1088 445 1286 542 frequenti·

236 560 305 633 bus
322 559 453 656 praeliis
471 558 615 632 hostem
632 559 857 634 lacessebant
872 593 881 650 ;
909 562 972 634 sed
989 563 1117 636 urbem
1135 564 1287 639 circum·

234 677 377 762 vallare,
395 675 454 748 vel
477 676 721 750 instrumenta
737 678 867 752 bellica
889 679 1072 754 moenibus
1094 682 1287 757 admovere

234 793 398 866 nondum
428 791 635 867 didicerant.
690 793 791 880 Quin
821 805 858 868 et
888 797 926 869 in
953 795 1040 892 ipsis
1074 799 1207 896 praeliis
1240 825 1286 874 ex

232 909 422 984 intervallo
444 934 522 984 rem
544 911 729 1006 gerebant,
748 935 865 1009 neque
885 911 981 988 enirn
1005 915 1110 988 aliter
1128 915 1191 990 illa
1213 918 1287 990 sin·

232 1027 403 1122 gulosum
420 1025 629 1114 sementina,
650 1027 787 1100 nedum
805 1027 996 1126 colloquia,
1014 1031 1138 1104 locum
1157 1032 1286 1106 habere

232 1151 442 1240 potuerunt.
494 1143 670 1218 Nondum
688 1147 778 1219 tuba
795 1146 941 1242 signum
955 1145 1140 1234 dabant¹;
1169 1175 1286 1248 neque

231 1261 335 1358 signa
359 1261 528 1336 militaria
553 1263 589 1336 in
617 1287 687 1336 usu
712 1270 837 1350 erant;
865 1287 981 1362 neque
1007 1265 1126 1340 adhuc
1149 1265 1288 1344 Poeans

231 1403 340 1452 suurn
374 1379 412 1452 in
446 1403 608 1477 pugnam
642 1379 773 1453 ruituri
807 1381 1113 1476 auspicabantur;
1151 1385 1215 1458 vix
1247 1385 1286 1458 iu

231 1497 437 1594 manipulos
467 1497 590 1595 copias
616 1496 828 1570 distribuere
856 1496 1055 1572 didicerant
1068 1497 1098 1585 Ι;
1126 1500 1216 1575 adeo
1243 1509 1286 1575 ut

230 1615 283 1688 ilii
310 1613 478 1688 Nestoris
505 1626 542 1689 et
568 1615 775 1689 Menesthei
802 1616 940 1712 peritias
970 1617 1028 1690 vix
1059 1617 1128 1692 alia
1157 1619 1287 1717 agendi

229 1731 384 1805 facultas
415 1733 578 1819 dabatur,
609 1731 676 1806 nisi
707 1739 750 1806 ut
783 1732 880 1806 intra
907 1735 1050 1808 ordines
1080 1761 1167 1810 suos
1201 1762 1285 1812 con·

228 1849 398 1938 tinereut,
417 1856 455 1923 et
478 1875 587 1924 suum
609 1851 759 1924 seorsim
783 1850 905 1924 locum
926 1852 1105 1949 peditatui
1126 1865 1161 1927 et
1185 1855 1284 1952 equi·

229 1968 324 2040 tatui
342 1967 594 2062 adsignarent3
622 1977 658 2040 et
674 1967 737 2040 illa
753 1966 1038 2062 Agamemnonis
1055 1969 1287 2068 imperatoria

228 2084 343 2158 virtus
357 2087 393 2158 in
408 2084 603 2158 excitandis
615 2083 791 2158 militibus
804 2085 927 2182 potius
940 2087 1160 2176 versabatur,
1175 2113 1285 2186 quam

228 2199 267 2274 in
297 2201 482 2274 ordinibus
509 2201 742 2298 disponendis
752 2208 785 2273 ¹¹².
839 2199 918 2276 Neo
947 2227 1032 2276 vero
1060 2228 1208 2301 prorsus
1233 2203 1285 2279 rei

228 2317 376 2392 militari
401 2343 468 2392 sua
487 2317 712 2392 incrementa
737 2317 941 2394 defuerunt.
994 2319 1142 2394 Etenim
1167 2330 1285 2398 castra

226 2459 375 2532 ponere,
396 2437 492 2509 vallo
522 2445 559 2508 et
587 2435 686 2510 fossa
715 2459 757 2508 ea
791 2433 944 2532 cingere,
976 2439 1145 2511 excubias
1180 2464 1285 2535 agere

227 2560 420 2642 noverunt,
439 2557 477 2628 et
494 2561 623 2628 caetere
640 2551 715 2626 fere
732 2577 796 2649 per
813 2578 893 2651 que
911 2553 1002 2626 citra
1025 2555 1228 2650 periculum
1245 2556 1282 2628 in

227 2673 352 2748 hostili
375 2684 470 2747 terra
493 2681 806 2746 commorarentur
828 2670 916 2746 satis
939 2685 1127 2769 comperta
1150 2673 1283 2746 habue-

226 2796 325 2866 runt.
379 2789 512 2864 Iisdem
537 2791 610 2863 fere
635 2789 746 2862 armis
772 2787 903 2886 quibus
929 2787 1147 2862 recentiores
1166 2787 1282 2862 Graeci

226 2907 517 3006 accingebantur,
544 2929 662 3004 neque
685 2905 905 2979 mediocrem
930 2905 970 2978 in
995 2903 1067 2980 illis
1090 2929 1199 2979 usum
1217 2905 1281 2980 ha-

226 3026 361 3100 bebant
370 3033 385 3062 ¹²
400 3056 462 3098 :-

382 3211 438 3270 Oid'
453 3215 496 3271 dari
509 3215 590 3284 δεξιὰ,
604 3209 653 3270 oit'
668 3213 707 3270 ἐπ’
719 3213 844 3286 ἀριστερὰ
858 3217 975 3284 νωμῆσαι
988 3217 1045 3280 fiais

380 3311 514 3382 'Assiduae
528 3315 559 3368 rb
572 3335 616 3382 μοι
630 3313 687 3368 ἐστὶ
700 3311 854 3384 subdiapason
866 3311 1022 3380 πολεμίζειν·

385 3403 450 3464 otta
464 3407 487 3463 δ’
503 3404 605 3476 ἐπαΐξαι
617 3408 699 3477 μόθον
712 3404 797 3464 ἵππων
810 3408 929 3470 drasidas,

382 3501 447 3562 otta
460 3503 483 3560 δ’
497 3501 534 3560 s’sd
548 3505 641 3576 σταδίῃ
655 3499 718 3581 δηΐῳ
731 3503 1017 3577 μελπεσθαιἈρηῖΓ-

223 3721 340 3796 neque
366 3698 464 3795 quod
488 3697 686 3788 maximum
709 3701 776 3784 est,
797 3696 878 3770 illos
901 3695 1021 3784 latuit,
1041 3719 1115 3766 non
1139 3717 1181 3765 ex
1206 3693 1278 3764 sin-

222 3815 392 3913 gulorum
418 3817 564 3903 virtute,
595 3817 657 3890 sed
675 3841 717 3889 ex
748 3817 826 3890 acie
856 3815 1018 3888 conferta
1043 3819 1080 3885 et
1106 3835 1150 3884 ex
1178 3811 1279 3886 omni

260 4062 729 4135 '‘Vidduidumdnvocsttddov.
773 4065 874 4143 Obrys.
892 4063 976 4123 Orat.
993 4075 1035 4137 5⁶·

262 4141 270 4182 ¹
283 4145 327 4203 Ex
342 4145 481 4206 Nestoris
497 4145 621 4206 consilio
636 4147 660 4206 I
661 4147 680 4204 l.
699 4159 729 4206 Β.
809 4155 832 4186 ¹¹¹
846 4145 915 4205 Vid.
931 4145 955 4204 I
957 4145 977 4202 l.
993 4159 1026 4206 Δ.

220 4221 360 4284 didicisse
373 4226 627 4304 Agamemnonem
637 4224 730 4286 aciem
809 4235 824 4264 ¹²
838 4223 879 4286 Π.
896 4239 931 4286 Η.
948 4239 1006 4304 238.

220 4302 253 4362 in
275 4303 396 4366 ordines
418 4304 554 4385 redigere
578 4306 643 4366 vult
667 4307 730 4366 Dio

716 4405 779 4476 εἳ
