3094 4898
290 275 353 340 112
623 301 833 352 rumororro
853 301 1020 350 srrrmn.

289 477 376 526 vero
388 453 459 526 illis
473 450 612 526 Poetici
628 449 786 524 nominis
799 450 933 526 famam
944 449 1111 536 invideo;
1137 453 1201 526 sed
1213 479 1343 530 eorum

287 569 421 664 scripta
445 567 607 642 extitisse
640 574 678 640 et
711 576 856 640 aetatem
885 566 1012 640 tulisse
1046 569 1146 664 apud
1179 571 1342 667 optimos

289 685 479 781 scriptores
496 686 597 759 nulla
618 693 675 757 est
698 682 870 779 suspicio.
923 681 993 756 His
1017 689 1232 761 accensendi
1253 699 1344 762 sunt

288 802 447 898 hospites
474 813 512 876 et
540 801 680 875 sodales
709 799 899 872 Homerici
909 797 928 886 ¹,
952 810 990 873 et
1016 801 1042 872 ii
1073 802 1185 876 etiam
1212 806 1275 900 qui
1303 808 1344 878 in

287 917 454 993 Heroicis
471 917 695 1014 temporibus
718 916 779 990 isti
796 939 876 1012 quae
901 926 980 989 tum
997 925 1075 990 erat
1102 919 1343 1018 philosophiae

287 1061 435 1133 operam
451 1036 639 1122 dederunt,
654 1059 727 1130 quo
744 1034 1160 1109 nomine'memorantur
1172 1037 1341 1113 Pittheus

287 1152 494 1225 Traezenius
511 1159 548 1226 et
565 1151 775 1224 Palamedes
792 1149 961 1246 Argivus,
980 1161 1017 1223 et
1035 1152 1181 1248 quidem
1199 1153 1237 1226 in
1254 1180 1340 1250 pro-

265 1268 370 1342 'clivi
399 1277 476 1343 erat
504 1270 599 1341 inter
627 1269 819 1363 scriptores
850 1266 981 1340 referre
1011 1292 1120 1363 quem
1147 1269 1341 1367 Euripides

285 1399 429 1473 vocavit
445 1388 514 1470 τὰν
531 1386 734 1493 πάνσοφον
756 1445 814 1464 ...
842 1385 983 1486 ἀήδονα
1003 1381 1210 1468 Μοῦσανω.

335 1516 539 1612 Supersunt
564 1513 683 1586 adhuc
708 1509 768 1584 alii
793 1534 885 1606 quos
911 1510 1094 1606 religionis
1113 1511 1249 1612 Graecaej
1269 1538 1335 1587 au-

282 1633 406 1706 thores
426 1637 464 1703 et
490 1630 671 1703 antistites
695 1626 813 1698 omnis
837 1627 1032 1723 antiquitas
1058 1629 1262 1716 celebravit,
1291 1633 1338 1704 de

282 1747 413 1844 quibus
437 1745 586 1840 insuper
612 1743 708 1816 idem
736 1752 792 1816 est
818 1744 984 1816 omnium
1013 1744 1264 1817 testimonium
1291 1746 1330 1818 in

281 1863 425 1935 Musica
448 1868 486 1934 et
503 1861 650 1934 Poetica
671 1865 748 1932 arte
773 1869 935 1932 versatos
958 1859 1092 1948 suisse3
1121 1860 1334 1936 Graecorum

280 1985 405 2052 autem
421 1978 545 2072 religio
568 1987 610 2050 ut
626 1976 770 2050 videtur
793 1999 868 2048 non
894 2000 968 2050 uno
993 1983 1157 2074 tempore
1178 1979 1335 2053 conficta

280 2101 347 2182 est,
373 2119 491 2191 neque
517 2118 562 2166 ex
588 2117 660 2165 una
684 2091 830 2189 regione
856 2092 894 2164 in
919 2093 1094 2166 Graeciam
1114 2100 1333 2181 transvecta,

281 2212 344 2286 sed
362 2211 509 2286 diversis
531 2210 753 2307 temporibus
773 2209 859 2282 hinc
886 2210 972 2282 inde
988 2209 1087 2283 varia
1111 2210 1334 2288 incremento

279 2328 431 2425 accepit.
495 2327 759 2424 Quemcunque
788 2325 900 2422 igitur
926 2325 964 2398 in
990 2328 1156 2422 augendo
1181 2337 1220 2402 et
1247 2355 1332 2426 pro·

280 2445 461 2519 movendo
489 2447 591 2519 cultu
627 2469 694 2519 suo
734 2445 926 2517 authorem
960 2444 1179 2535 habuerunt,
1216 2447 1333 2520 eidem

279 2563 389 2635 etiam
406 2561 584 2660 poeticam
601 2561 782 2658 quandam
801 2560 935 2632 famam
953 2561 1170 2634 tribuebant.
1223 2560 1334 2636 Hanc

279 2680 369 2752 adeo
396 2703 587 2776 personam
611 2677 783 2773 gerebant
807 2675 979 2772 Orpheus
1003 2677 1168 2751 Musaeus
1195 2685 1233 2751 et
1257 2677 1333 2751 Eu-

279 2798 423 2892 molpus
433 2795 594 2902 Thraciae
611 2795 749 2880 incolae,
764 2799 801 2865 et
818 2793 932 2865 insula
948 2795 1161 2868 sacerdotali
1177 2804 1215 2868 et
1230 2797 1333 2869 lauro

280 2914 390 2984 etiam
413 2913 556 3008 poetica
581 2910 715 2983 donati.
769 2908 934 2982 Eandem
958 2908 1055 2983 Olen
1079 2935 1125 2983 ex
1149 2911 1229 3008 ipsa
1251 2911 1332 3008 Hy-

279 3029 539 3123 perborcorum
562 3039 680 3121 gente,
707 3036 803 3099 recte
829 3027 927 3098 enim
952 3027 1128 3100 cumillis
1150 3029 1330 3124 poeticam

279 3144 424 3215 laudem
453 3143 782 3229 communicabant,
810 3165 832 3214 a
859 3141 992 3238 quibus
1018 3141 1200 3240 Apollinis
1231 3169 1334 3217 sacra

279 3257 444 3333 didicisse
461 3259 559 3331 sama
574 3264 652 3330 erat
662 3265 677 3293 ¹²
692 3290 754 3330 :-

276 3669 439 3743 Eandem
463 3665 567 3741 ldaeae
592 3666 719 3740 matris
739 3667 944 3740 sacerdotes
963 3666 1142 3765 Olympus
1169 3677 1207 3741 et
1227 3668 1330 3740 Mar-

315 3909 322 3943 ¹
342 3911 388 3968 Ex
410 3931 535 3989 quorum
559 3929 683 3970 numero
709 3913 782 3968 sunt
821 3910 913 3970 Diod.
928 3910 1032 3982 suu,
1047 3909 1068 3972 l.
1086 3929 1111 3978 3.
1127 3930 1152 3970 o.
1168 3923 1209 3974 66.

278 3989 456 4068 Oreoplptuc
490 3990 614 4060 Samius,
643 3997 675 4049 et
706 3991 780 4048 Pro·
862 3997 880 4021 ³
893 3991 1035 4070 Euripid.
1049 3994 1083 4052 in
1095 3991 1262 4050 Palamede.

275 4075 323 4125 tra
349 4071 405 4126 'ec
428 4071 534 4130 Athen.
557 4070 592 4128 dc
616 4069 780 4148 Creophylo.
862 4075 875 4100 ¹
889 4071 1114 4150 Pind.Pyth.,4.
1129 4071 1330 4140 VidHerod..

275 4145 344 4204 vi.
374 4147 470 4222 Pura,
497 4149 517 4208 l.
550 4177 589 4210 ιο.
623 4151 659 4208 dc
685 4151 782 4226 Repe
822 4147 1040 4223 l.4.c·35‚&c·;
1061 4145 1359 4210 Poocan.Plocic.'

274 4227 478 4300 Strab.,l.14;
494 4229 783 4302 Emtatl.tn11.a;
824 4247 849 4290 0.
865 4248 896 4304 ες
919 4231 1000 4296 Act„
1015 4248 1040 4289 c.
1061 4242 1107 4302 183
1128 4237 1160 4289 et
1174 4229 1254 4289 alibi.

275 4306 403 4378 Suidam,
420 4307 493 4378 ὤας
515 4308 550 4366 dc
564 4309 764 4388 Protropidcn
772 4333 784 4378 ,-
