3058 4902
237 1015 589 1111 PRAELEOTIO
631 1018 1142 1118 molesme-PRIMA.

160 1407 277 1552 ιῘΑΜ
311 1406 355 1480 dc
389 1412 613 1482 moratarum
642 1433 878 1507 personarum
912 1411 951 1485 in
981 1410 1081 1485 omni
1117 1414 1218 1509 poesi

225 1525 307 1598 loco
328 1549 401 1598 usu
424 1531 534 1622 atque
560 1527 749 1600 elementis
775 1527 864 1600 satis
890 1527 1096 1624 praemoniti
1120 1529 1218 1625 ipsas

161 1642 309 1716 tandem
335 1639 557 1737 attingamus
584 1643 708 1739 quales
735 1644 833 1740 apud
856 1641 1059 1717 Homerum
1085 1644 1218 1741 reperi·

160 1764 283 1846 untur,
312 1759 460 1831 seorsim
486 1758 633 1855 quidem
659 1784 757 1833 nunc
782 1761 990 1847 sumendas,
1017 1762 1086 1833 etsi
1112 1761 1216 1833 fabu-

161 1874 232 1947 lam
249 1880 365 1948 totam
391 1882 580 1972 permeant
606 1888 644 1949 et
669 1876 909 1950 arctissimam
936 1901 1090 1952 cumea
1115 1903 1216 1951 com-

161 1992 371 2066 munionem
388 1993 536 2066 habent.
588 1995 643 2068 Ac
668 1995 788 2090 primo
815 1992 962 2090 quidem
987 2019 1113 2068 earum
1132 1995 1217 2068 sim-

160 2108 304 2206 plicitas
321 2119 357 2182 et
374 2108 528 2183 varietas
545 2112 644 2184 ultro
662 2136 701 2185 se
717 2112 877 2184 offerunt
894 2120 930 2184 et
947 2111 1218 2207 explorantibus

160 2225 303 2299 obviam
322 2231 422 2299 eunt.
477 2226 546 2298 Hae
569 2227 648 2300 duae
674 2253 731 2302 res
757 2252 838 2301 raro
864 2226 960 2302 inter
977 2252 1016 2302 se
1041 2228 1218 2322 colligatae

160 2365 235 2414 una
264 2348 406 2416 coeunt.
460 2341 532 2416 Vel
558 2367 795 2440 personarum
823 2344 958 2416 nudam
987 2350 1025 2416 et
1050 2345 1218 2442 jejunam

161 2483 226 2554 per
256 2483 295 2532 se
324 2457 593 2554 simplicitatem
622 2460 810 2547 hebemus
842 2460 900 2532 vel
931 2459 1142 2532 varietatem
1173 2483 1218 2532 ex

161 2574 355 2649 levioribus
380 2574 592 2648 differentiis
617 2575 810 2648 conflatam
837 2598 945 2672 quam
972 2598 1052 2672 quae
1078 2599 1219 2670 magnae

161 2698 200 2763 et
231 2691 409 2765 universae
439 2691 637 2788 disciplinae
665 2689 839 2764 inservire
872 2691 1001 2787 possit.
1055 2690 1218 2763 Homero

163 2808 309 2905 quidem
333 2831 400 2882 sna
420 2818 508 2881 aetas
529 2810 667 2904 largam
684 2815 722 2880 et
738 2808 886 2880 uberem
903 2807 1043 2903 copiam
1063 2807 1218 2880 sufficie-

162 2924 236 3013 bat,
255 2924 318 2998 sed
344 2948 435 3022 quos
461 2924 521 2997 ille
548 2925 687 2998 fructus
713 2924 843 2998 exinde
869 2922 1099 3021 decerpserit,
1119 2930 1157 2997 et
1182 2923 1220 2995 in

162 3066 253 3139 quos
283 3065 371 3114 usus
401 3041 591 3114 materiem
621 3065 724 3114 suam
760 3041 943 3115 effinxerit
978 3041 1065 3115 satis
1096 3040 1219 3114 mirari

162 3184 237 3232 non
264 3181 472 3256 possumus.
525 3157 582 3231 Ex
604 3159 831 3255 temporibus
858 3159 934 3232 suis
961 3159 1128 3254 exempla
1156 3159 1219 3231 ha-

161 3277 243 3349 buit
261 3276 451 3349 bominum
470 3275 508 3346 in
526 3275 657 3371 quibus
680 3283 818 3348 naturae
836 3275 1027 3348 facultates
1045 3274 1082 3346 in
1101 3275 1220 3346 lucem

162 3393 352 3468 concitatae
373 3392 529 3466 necdum
546 3399 727 3489 corruptae
751 3393 973 3467 eminebant.
1026 3391 1219 3487 Proprium

162 3535 256 3608 opus
274 3520 350 3582 erat
375 3511 552 3583 conticere
577 3519 615 3582 et
639 3508 842 3582 imitatione
863 3507 1063 3603 exprimere
1081 3531 1123 3579 ea
1140 3532 1221 3603 quae

163 3628 279 3701 oculis
297 3625 591 3722 subjiciebantur,
607 3625 759 3698 fortasse
773 3625 882 3697 etiam
897 3625 992 3697 ultra
1010 3647 1085 3695 suae
1103 3624 1221 3696 aetatis

163 3742 423 3841 experientiam
440 3743 603 3814 animum
622 3763 729 3814 suum
747 3739 918 3836 erigebat,
937 3739 1090 3812 fortasse
1111 3740 1221 3811 etium

162 3862 269 3957 longe
294 3860 537 3956 prospiciebat
562 3859 601 3932 in
627 3881 804 3955 quosnam
822 3858 908 3930 vitae
934 3879 1063 3929 cursus
1089 3855 1222 3928 mentis

162 3978 332 4051 humanae
347 3978 443 4050 vires
465 3984 574 4073 atque
598 3976 750 4047 affectus
774 3998 853 4046 sese
871 3972 1044 4046 deflexuri
1067 3979 1222 4046 erant—-

162 4093 293 4167 etenim
321 4093 649 4167 commovebantur
670 4090 749 4186 jam
774 4089 895 4164 omnia
922 4097 958 4162 et
984 4087 1223 4161 fervebant-

163 4218 274 4308 atque
300 4211 370 4283 hoc
396 4209 477 4283 ideo
502 4208 619 4304 magis
637 4207 718 4280 dico
745 4206 844 4303 quod
869 4202 1087 4278 recentiores
1106 4203 1223 4278 Graeci

165 4352 267 4402 suam
287 4327 458 4426 politicen
477 4327 514 4399 in
533 4323 686 4398 Homeri
705 4321 873 4421 operibus
891 4345 930 4394 se
949 4318 1109 4395 invenire
1127 4344 1224 4418 saepe
