3094 4898
284 331 354 394 156Ι
634 335 845 384 ramurcrro
865 334 975 383 solvi.

281 491 391 562 maris
424 488 562 562 insulas
596 497 633 560 ct
667 487 776 560 maris
818 485 1075 559 Mediterranei
1110 485 1337 559 Orientalem

282 630 384 680 oram
409 606 455 678 ab
471 605 637 701 AEgypto
663 629 780 700 usque
804 603 851 676 ad
874 603 1167 700 Hellespontum,
1186 611 1225 678 ct
1241 603 1337 678 Bos-

280 723 436 820 phorum
461 714 655 796 Thracium
683 722 958 818 exploravemnt
987 719 1118 794 Graeci.
1171 720 1338 796 Euxinus

280 851 416 938 pontus
441 865 558 938 usque
587 840 643 944 atl¹
660 839 898 912 Parthenium
921 839 1067 912 'flumen
1096 841 1307 913 innotuerat
1316 837 1335 912 ¹.

280 958 470 1032 Ulterioris
496 960 628 1032 littoris
653 959 807 1054 exiguus
832 968 910 1031 crat
936 982 1069 1032 rumor.
1121 958 1232 1032 Fama
1251 983 1337 1054 cog·

280 1077 348 1149 niti
366 1083 470 1149 erant
488 1074 673 1151 Cimmerii
684 1105 748 1148 :—

558 1251 634 1324 Ἢὲρι
648 1254 689 1307 καὶ
703 1251 804 1324 νεφέλῃ
818 1250 1019 1323 aremoppe'mt

282 1404 345 1476 sed
361 1403 458 1476 fama
475 1409 552 1476 tam
568 1403 707 1476 incerta
719 1409 762 1474 ut
778 1403 860 1476 illos
877 1403 924 1475 ad
937 1401 1184 1476 Occidentalis
1198 1401 1339 1477 Oceani

281 1521 372 1594 fines
398 1521 564 1616 ablegare
588 1545 665 1594 non
682 1521 865 1594 dubitaret
882 1520 1007 1594 Poeta.
1061 1521 1211 1594 Graeoiae
1227 1520 1337 1595 Occi·

282 1637 434 1710 dentalis
460 1662 524 1710 ora
550 1662 666 1734 usque
691 1639 738 1711 ad
753 1637 906 1734 Epirum
928 1645 967 1711 et
983 1637 1237 1734 Thespmtiam
1253 1663 1338 1735 cog·

281 1755 358 1826 nita
381 1761 468 1827 erat.
522 1755 647 1843 Italiae,
668 1754 810 1842 Siciliae,
831 1755 1029 1851 Hispaniae,
1049 1762 1086 1828 et
1108 1755 1243 1829 Africae
1269 1756 1337 1828 im-

280 1871 439 1968 perfecta
465 1879 542 1944 erat
564 1879 603 1944 ct
623 1872 762 1946 incerta
781 1872 923 1959 notitia,
949 1897 1023 1945 non
1046 1872 1145 1946 enim
1165 1873 1210 1946 de
1233 1873 1338 1946 terris

281 1987 413 2084 saepius
446 1989 642 2084 exploratis
680 1995 718 2062 et
756 1989 976 2063 commercio
1010 1989 1247 2088 frequentatis
1281 2002 1339 2066 tot

281 2113 450 2202 portenta
466 2112 504 2178 et
522 2117 641 2178 tantas
658 2106 797 2180 fabulas
814 2107 1050 2186 enarravisset
1063 2107 1186 2180 Poeta.
1225 2107 1340 2182 Extra

281 2247 429 2294 suorum
455 2229 662 2319 temporum
695 2223 860 2298 notitiam
894 2232 1067 2321 evagatus
1101 2230 1159 2298 est
1186 2223 1339 2321 Ulysses

281 2364 366 2411 cum
399 2339 665 2435 Laestrygonas,
695 2340 876 2437 Cyclopas
909 2352 947 2415 ct
981 2341 1203 2438 Charybdim
1236 2341 1338 2416 adiit.

281 2456 369 2529 Loci
408 2455 637 2529 intervallum
676 2457 910 2554 subsequitur
946 2458 1130 2532 fabulandi
1167 2459 1314 2532 licentia
1326 2492 1337 2546 ;

163 2600 167 2606 ·
281 2601 361 2672 quae
382 2576 477 2648 enim
501 2575 604 2648 tenui
627 2599 771 2649 rumore
795 2576 940 2672 cognita
964 2585 1052 2650 sunt
1074 2578 1340 2673 obstupescunt

282 2699 319 2764 et
342 2691 520 2764 mirantur
537 2691 712 2778 homincS,
732 2717 800 2766 nec
826 2700 995 2766 recusant
1020 2695 1059 2765 in
1084 2694 1155 2766 illis
1178 2694 1340 2768 tenebris

283 2810 378 2882 ultro
396 2810 561 2882 aberrare
581 2817 619 2882 et
636 2811 802 2904 quemvis
819 2809 945 2883 ducem
964 2809 1079 2904 sequi.
1132 2811 1230 2884 Hinc
1247 2811 1340 2885 Cor·

282 2951 368 3022 cyra
394 2925 587 3000 Phaeacum
616 2933 723 3014 terra,
752 2929 980 3024 ultraquam
1003 2929 1104 3001 nulla
1130 2935 1208 3001 erat
1238 2928 1339 3002 Grae-
1367 3019 1374 3029 ι

281 3067 407 3116 corum
436 3043 680 3140 Geographia,
713 3043 916 3116 fabularum
946 3069 1063 3140 neque
1096 3069 1227 3142 expers
1261 3057 1340 3120 erat

283 3192 399 3264 neque
417 3175 492 3239 tam
511 3168 609 3240 ferax
628 3193 737 3265 quam
755 3168 986 3266 longinquior
1003 3167 1122 3242 Italia.
1165 3169 1258 3242 Rem
1277 3195 1339 3244 ex·

283 3283 387 3380 pouit
403 3283 466 3356 ubi
484 3285 528 3355 de
546 3309 612 3358 sua
628 3287 773 3382 regione
789 3285 951 3382 loquitur
968 3285 1160 3359 Nausicaa.
1300 3289 1305 3292 ’

443 3463 566 3532 Οἶκέομεν
579 3462 601 3517 δ’
616 3461 743 3516 ἀπάνευθε
753 3459 931 3536 πολυκλύστῳ
946 3463 982 3517 ι’νὶ
995 3465 1092 3536 πόντῳ,

434 3559 575 3630 Ἐσχατοι,
589 3560 648 3614 οὐδὲ
662 3581 701 3616 τις
714 3561 778 3629 ἄμμι
791 3562 894 3633 βροτῶν
908 3560 1072 3632 ἐπιμίσγεται
1085 3561 1168 3616 ἄλλοι
1178 3555 1197 3612 ¹¹.
1288 3561 1295 3574 '

282 3723 418 3798 Oceani
434 3733 471 3797 et
485 3722 597 3796 totius
613 3729 720 3796 terrae
737 3722 945 3818 systematis
963 3721 1206 3818 imperfectam
1224 3721 1340 3794 scieu-

262 3821 370 3914 'tiam
393 3841 557 3914 Homero
583 3839 750 3913 concedit
774 3839 903 3912 Strabo
914 3835 934 3926 ¹,
955 3839 1053 3936 quod
1076 3837 1107 3912 si
1124 3863 1251 3911 verum
1278 3839 1339 3926 sit,

220 4026 222 4030 .
282 3984 326 4031 ex
357 3958 571 4033 Phoenicum
599 3957 785 4031 maritimis
812 3957 1093 4054 profectionibus
1120 3958 1164 4030 ad
1193 3967 1342 4031 caeteras

323 4195 328 4226 ¹
350 4195 416 4253 Vid.
444 4195 637 4274 bannorum
672 4197 787 4256 Catulo·
868 4195 882 4235 ¹¹
904 4195 980 4254 lbid.
996 4211 1024 4255 z.
1044 4217 1110 4270 ²04·

280 4294 365 4352 yum3
389 4275 432 4332 Il.
450 4289 479 4334 Β.
844 4277 848 4280 ’
869 4273 876 4314 ¹
900 4277 1010 4348 δίναν,
1027 4277 1044 4335 Ι,
1061 4279 1079 4334 i.

320 4352 328 4402 J
353 4353 451 4431 Odyss.
468 4369 498 4414 Λ.
520 4374 561 4430 ¹5·
716 4355 721 4368 '
