3096 4886
285 263 327 326 ³2
603 286 816 336 emcnorro
836 287 1011 337 mauron.

286 435 579 511 Caduceatorum
600 434 695 532 jura,
720 459 801 532 qnae
826 432 934 508 etiam
956 432 995 505 in
1020 432 1092 506 illis
1114 432 1340 530 temporibus

285 577 414 629 omnes
432 561 658 627 sacrosancta
674 545 753 626 esse
765 553 970 624 volucrunt.
1006 547 1107 624 Male
1124 551 1223 624 enim
1240 551 1340 649 apud

285 672 441 768 populos
466 669 636 743 barbaros
658 679 696 743 et
718 668 820 742 nulla
842 666 1013 741 societate
1030 666 1216 742 devinctos
1232 667 1340 741 intel-

285 787 448 883 liguntur
472 810 515 860 ea
541 809 620 883 quae
646 786 692 860 ad
713 787 775 882 jus
801 782 965 881 gentium
989 783 1172 879 pertinent
1184 815 1194 871 ;
1222 807 1339 882 neque

285 901 347 978 illa
359 902 606 978 Achiffis¹:-

405 1045 513 1120 Xnipm
527 1044 641 1119 κήρυκες,
656 1046 718 1103 Διὸς
730 1043 839 1117 ἄγγελοι
852 1041 897 1113 ἠδὲ
911 1043 952 1098 καὶ
965 1042 1072 1116 ἅνδρὸν.

286 1183 384 1278 apud
417 1205 480 1256 eos
505 1184 628 1257 locum
662 1183 797 1255 habent
832 1180 965 1277 quibus
998 1179 1143 1253 nullum
1175 1179 1271 1254 inter
1299 1203 1339 1254 se

285 1304 418 1373 mutuo
446 1298 650 1374 intercessit
684 1297 954 1372 commercium.
1016 1295 1069 1370 At
1096 1319 1213 1394 neque
1240 1297 1337 1393 lega-

285 1413 404 1489 tiones
443 1415 600 1512 publicae'
634 1437 784 1512 prorsus
827 1414 962 1509 ignotae
1000 1413 1187 1498 neruum,
1219 1437 1337 1509 neque

285 1529 465 1605 foederum
491 1536 529 1604 et
549 1529 787 1627 jurisjurandi
821 1529 988 1602 hostibus
1022 1528 1099 1602 dati
1123 1531 1223 1624 leges
1246 1536 1337 1603 tunc

287 1648 462 1744 temporis
479 1649 622 1744 impure
638 1649 869 1721 violabantur
879 1654 894 1684 ¹
907 1678 970 1719 :-

407 1801 446 1855 Ob
458 1801 506 1871 uir
518 1822 573 1858 πως
586 1801 661 1856 ἅλιον
672 1799 749 1856 πέλει
763 1799 858 1873 ὅρκων,
873 1797 935 1870 αἷμα
948 1821 977 1854 τε
989 1799 1082 1872 ἀρνῶν,

322 1881 330 1894 ”
405 1895 551 1952 aeaeae·
564 1897 678 1969 aava,
692 1897 733 1951 mr
746 1896 837 1967 aser,
849 1891 1041 1967 teserem.

337 2046 428 2122 Haec
460 2046 573 2144 igitur
606 2052 694 2121 sunt
728 2071 809 2144 quae
842 2047 887 2119 de
916 2045 1030 2120 totius
1061 2044 1210 2120 Graeciae
1239 2051 1338 2120 statu

287 2163 439 2238 dicenda
455 2164 587 2238 habui:
616 2189 696 2260 quae
718 2163 865 2260 quidem
889 2164 920 2235 si
941 2186 1018 2236 non
1039 2167 1206 2236 accurate
1228 2168 1266 2235 et
1282 2185 1338 2236 se-

287 2279 407 2352 riatim
424 2281 472 2354 ad
493 2280 653 2354 historiae
669 2302 836 2353 normam
858 2279 1109 2375 componenda
1131 2283 1230 2368 sunt,
1249 2277 1338 2353 vitio

287 2406 495 2492 temporum
511 2394 601 2468 illud
614 2395 785 2469 accidisse
801 2393 967 2469 arbitror.
1007 2393 1088 2469 Nec
1103 2418 1189 2469 vero
1207 2395 1340 2470 desunt

286 2509 494 2586 testimonia
509 2533 555 2584 ex
572 2510 702 2608 quibus
720 2512 965 2608 conjecturam
980 2509 1102 2585 facias.

338 2626 493 2702 Constat
514 2627 627 2724 igitur
646 2631 764 2701 totam
790 2625 966 2701 Graeciam
989 2651 1037 2700 ex
1060 2651 1104 2701 eo
1119 2632 1285 2725 tempore
1300 2628 1339 2702 in

287 2768 362 2843 quo
379 2753 474 2819 artes
491 2748 529 2818 et
547 2741 713 2818 Scientiae
730 2744 769 2816 in
782 2766 862 2818 eam
879 2743 1031 2817 invectae
1043 2744 1194 2818 fuerunt
1209 2744 1340 2819 misere

286 2862 536 2959 perturbatam
567 2884 645 2936 esse
657 2893 667 2950 ;
695 2860 749 2935 ita
767 2866 811 2933 ut
837 2861 950 2946 nulla,
974 2862 1032 2934 vel
1054 2861 1195 2958 exigua,
1223 2862 1339 2936 incre-

287 2986 411 3051 menta
443 2977 632 3074 acciperet.
685 2976 813 3074 Neque
847 2999 934 3074 opes
968 2999 1187 3075 comparare,
1221 3002 1341 3075 neque

287 3093 371 3166 vitae
399 3093 599 3167 commodis
629 3094 816 3166 consulere
841 3092 1081 3191 inpromptu
1114 3101 1202 3168 erat.
1254 3094 1342 3170 Fuit

289 3231 434 3284 summa
450 3207 614 3281 omnium
631 3231 752 3282 rerum
768 3207 942 3306 penuria:
967 3234 1086 3307 neque
1103 3211 1155 3283 rei
1171 3209 1340 3285 Nauticoe

288 3350 437 3425 operam
453 3324 598 3413 dabant,
617 3325 687 3400 nisi
703 3332 747 3400 ut
761 3326 947 3423 praedandi
963 3325 1107 3402 licentia
1123 3327 1339 3416 fruerentur,

288 3467 406 3539 neque
427 3444 656 3517 terrestribus
677 3441 878 3532 itineribus,
898 3442 967 3516 nisi
990 3455 1033 3517 ut
1054 3443 1251 3517 latrociniis
1267 3443 1340 3518 vic-

287 3565 369 3634 tum
392 3565 604 3658 quaererent.
655 3559 767 3633 Erant
791 3569 915 3634 tamen
940 3559 1050 3634 etiam
1068 3560 1108 3633 in
1130 3561 1201 3634 hoc
1217 3585 1341 3635 rerum

288 3683 387 3752 statu
414 3675 574 3751 subsidia
590 3676 755 3773 quedam
778 3701 859 3773 quae
883 3676 1093 3750 melioribus
1113 3677 1283 3773 auspiciis
1303 3677 1343 3750 in

287 3795 409 3868 lucem
434 3795 583 3868 excitari
608 3803 769 3890 possent.
823 3792 923 3865 Inter
947 3795 1105 3890 populos
1124 3793 1260 3890 lingua,
1286 3817 1343 3866 re·

288 3909 433 4005 ligione‚
453 3920 490 3982 et
508 3909 669 3983 moribus
686 3907 781 3981 inter
798 3931 836 3982 se
859 3909 1084 4005 conjunctos,
1104 3910 1168 3982 sed
1189 3908 1344 4006 imperio

289 4030 327 4097 et
354 4024 492 4121 legibus
520 4025 653 4100 divisos
681 4025 948 4100 emulationem
978 4028 1162 4124 quandam
1189 4025 1344 4102 suboriri

327 4231 390 4290 ²11.
406 4246 437 4292 Α.
455 4244 514 4293 334.
622 4231 689 4291 ‘'Il.
706 4246 737 4293 Ω.
756 4257 819 4306 ²³53
846 4233 897 4292 Od.
913 4247 943 4293 Φ.
962 4259 1000 4295 ro.
1112 4234 1301 4308 ¹11.A.158.
