3058 4902
277 303 345 368 370
501 313 722 364 -eamrncrro
750 312 1111 364 mennam-secusne.

279 469 421 538 essent:
445 475 484 550 at
497 465 657 540 historiae
670 473 706 540 et
720 465 880 562 priorum
895 477 1102 561 temporum
1115 465 1338 540 testimoniis

279 604 318 654 se
344 606 390 654 ex
416 582 568 656 adverso
597 607 782 680 opponere
807 607 882 656 uon
911 583 1102 657 ferendum
1129 591 1220 657 erat.
1273 582 1339 656 In·

279 699 523 796 dignabantur
552 701 669 776 Graeci
703 724 778 798 prae
811 699 958 774 licentia
991 725 1200 800 quenquam
1233 701 1338 776 abuti

279 818 351 892 ista
379 819 639 916 materiaque
668 819 699 894 si
727 829 825 894 recte
854 826 1075 893 tractaretur
1103 821 1142 894 in
1169 819 1338 894 Poetieos

280 959 369 1008 usus
385 945 462 1008 tam
479 935 621 1010 facilem
637 960 678 1010 se
694 937 881 1034 praeheret.
931 935 999 1009 Ille
1014 936 1093 1034 ipse
1110 937 1212 1010 favor
1225 943 1340 1034 atque

280 1075 384 1125 emor
408 1051 639 1150 antiquarum
666 1079 788 1128 rerum
818 1052 857 1126 in
886 1054 1011 1127 odium
1046 1079 1151 1128 novae
1180 1055 1340 1128 audaciae

279 1169 510 1243 concedebat.
566 1169 611 1242 In
628 1170 850 1244 contrarium
867 1169 991 1268 itaque
1007 1169 1138 1243 vitium
1156 1169 1340 1244 incidebat

281 1285 393 1359 Poeta
416 1288 478 1383 qui
506 1287 583 1360 hec
609 1286 770 1360 subsidia
797 1311 873 1360 non
892 1295 1037 1361 tantum
1065 1293 1249 1361 recusaret
1274 1288 1339 1360 sed

280 1403 390 1476 etiam
413 1413 651 1500 oppugnaret.
704 1402 817 1477 Jubet
839 1405 930 1478 adeo
948 1403 1110 1478 Criticus
1129 1429 1176 1478 ex
1197 1413 1340 1477 naturae

280 1521 359 1616 lege
377 1532 412 1593 et
433 1546 582 1595 suorum
600 1529 810 1618 temporum
834 1519 985 1594 oonsilio
1004 1520 1192 1594 historiam
1209 1521 1341 1594 ducem

281 1638 395 1733 sequi,
408 1661 635 1735 nequaquam
651 1649 777 1712 autem
790 1651 913 1736 aperte
930 1640 986 1712 sui
1004 1639 1117 1712 animi
1133 1651 1343 1712 commenta

281 1754 326 1828 iis
348 1779 533 1852 opponere
555 1781 635 1853 quae
659 1767 799 1829 tantam
826 1755 961 1828 habent
980 1754 1144 1828 veritatis
1171 1755 1342 1828 similitu·

282 1871 403 1945 dinem
420 1883 457 1946 et
474 1870 706 1946 authoritatis
722 1873 760 1944 vi
778 1880 909 1968 sponte
926 1873 1035 1945 tidem
1053 1873 1204 1946 saciant.
1250 1871 1341 1944 Tra·

281 1994 380 2088 gieos
399 2001 438 2066 et
453 2005 602 2068 caeteros
626 1992 785 2090 ejusdem
804 1992 872 2066 aevi
892 2003 1020 2091 poetas
1038 1995 1083 2067 ab
1102 1993 1266 2067 Homero
1283 1995 1344 2066 vel

283 2110 487 2184 Homericis
514 2110 739 2206 temporibus
768 2109 857 2184 satis
884 2117 1011 2183 notum
1041 2116 1098 2183 est
1127 2115 1344 2206 argumenta

282 2250 348 2299 sua
365 2226 623 2322 desumpsisse,
641 2237 751 2324 atque
769 2227 849 2316 hos,
869 2237 912 2300 ut
929 2226 1017 2314 dixi,
1036 2228 1221 2324 praecipue
1238 2251 1342 2324 spec·

282 2351 336 2418 tat
353 2345 563 2418 Aristotelis
582 2353 818 2444 praeceptum.
875 2344 1019 2417 Horum
1037 2345 1133 2418 tama
1154 2352 1195 2418 et
1219 2347 1342 2418 excel-

283 2461 395 2536 lentia
427 2463 607 2538 adductus
641 2463 777 2560 pariter
815 2463 992 2536 Romanis
1025 2461 1144 2559 poetis
1158 2567 1163 2576 ι
1178 2461 1342 2558 precipit

285 2578 462 2654 Horatius
477 2611 538 2652 :—

413 2745 569 2807 “Rectius
583 2745 707 2808 Iliacum
721 2767 842 2808 carmon
856 2746 980 2808 deducis
993 2746 1025 2808 in
1041 2753 1140 2817 actus,

444 2843 542 2921 Quam
558 2843 584 2905 ri
598 2845 748 2926 proferres
762 2845 869 2924 ignota
882 2845 1055 2926 indictaque
1069 2843 1213 2924 primus.”

284 3027 356 3102 Sed
381 3029 551 3104 credibile
567 3041 625 3105 est
641 3029 845 3104 Homerum
870 3030 992 3127 ipsum
1016 3029 1113 3104 haud
1138 3027 1344 3102 absimilem

283 3143 353 3219 sibi
377 3147 493 3243 legem
519 3147 771 3244 praeposuisse.
824 3147 879 3221 Ut
905 3172 1027 3224 rerum
1052 3153 1206 3221 eventus
1230 3144 1283 3219 ita
1303 3153 1344 3218 et

284 3287 455 3360 personas
490 3289 564 3339 non
592 3289 639 3338 ex
671 3265 808 3340 receuti
842 3289 917 3338 suae
949 3263 1067 3340 aetatis
1098 3261 1251 3337 historia
1279 3262 1343 3334 de-

284 3381 453 3478 sumpsit,
482 3407 529 3454 ne
555 3383 652 3455 intra
676 3381 787 3454 nimis
812 3391 1005 3477 angustam
1031 3379 1197 3454 veritatis
1220 3377 1342 3452 imita·

284 3498 421 3572 tionem
451 3523 491 3572 se
520 3497 787 3595 comprimeret,
818 3523 937 3596 neque
967 3503 1097 3572 contra
1126 3521 1175 3570 ex
1205 3505 1345 3570 remota

284 3623 479 3704 vetustate,
510 3641 556 3688 ne
583 3638 757 3712 personas
790 3639 939 3710 prorsus
968 3612 1171 3711 incognitas
1200 3611 1239 3686 in
1267 3635 1344 3684 me-

285 3732 385 3806 dium
420 3733 608 3830 proferret,
643 3739 682 3806 et
715 3733 880 3807 veritatis
920 3734 1004 3806 loco
1036 3755 1137 3806 mere
1170 3731 1345 3826 figmenta

284 3861 519 3947 supponeret.
572 3850 698 3924 Intuli
723 3849 835 3946 igitur
851 3851 993 3924 delectu
1011 3849 1182 3924 credibile
1203 3853 1271 3936 est,
1290 3847 1344 3920 in·

285 3993 408 4066 quam,
432 3969 538 4043 illum
560 3967 782 4042 intellexisse
808 3974 847 4041 et
872 3967 993 4044 animo
1016 3964 1226 4062 concepisse
1252 3983 1342 4061 prae·

284 4093 432 4183 ceptum
449 4083 662 4182 Philosophi
678 4091 716 4158 et
733 4108 906 4181 personas
927 4105 1012 4156 suas
1029 4083 1081 4156 ita
1097 4081 1344 4156 conformasse

285 4213 330 4275 ut
353 4204 459 4277 famae
483 4227 604 4275 rerum
630 4208 668 4274 et
697 4203 865 4299 populari
894 4200 1058 4298 opinioni
1083 4197 1341 4274 eonsentirent.

288 4317 404 4390 Nobis
432 4317 577 4413 quidem
603 4319 680 4390 haec
707 4317 832 4390 omnia
858 4317 1078 4413 conjecturae
1104 4314 1140 4388 in
1168 4315 1250 4388 loco
1278 4316 1339 4388 ha·
