3058 4902
458 367 669 417 nnnrncrro
691 367 1010 423 cuorus-snrrnrx.
1197 367 1262 433 289

209 513 268 588 Its
290 539 375 590 cum
396 515 436 590 in
453 515 608 612 patriam
625 518 837 593 redeuntem
862 520 1074 618 excipimus,
1093 521 1203 598 simul
1223 526 1263 598 in

209 632 331 706 animo
351 633 502 706 infixam
519 634 695 708 babemus
722 637 946 732 patientiam
960 639 1037 734 ejus
1055 647 1093 713 et
1109 641 1262 734 laborio-

209 771 287 821 sam
302 749 428 836 vitam,
447 759 558 846 atque
582 775 626 824 eo
651 753 836 825 lubentius
862 754 1113 850 prosequimur
1136 758 1199 829 ubi
1224 760 1263 831 in

207 865 327 960 patria
351 876 388 940 et
414 867 523 940 domo
549 891 615 940 sua
640 893 829 964 supremos
854 871 995 944 labores
1021 872 1200 960 exhaurit,
1225 879 1264 948 et

207 981 344 1054 virtute
361 1007 427 1056 sua
443 994 481 1056 et
499 983 634 1058 invicto
651 986 773 1057 animo
793 987 870 1081 jam
886 987 1037 1060 tandem
1054 988 1208 1062 feliciter
1224 1013 1263 1063 se

208 1095 366 1193 expedit,
388 1123 505 1196 neque
532 1100 727 1196 quicquam
752 1106 809 1174 est
834 1103 873 1174 in
899 1102 962 1175 illa
987 1105 1155 1177 laborum
1180 1130 1263 1179 suo·

207 1235 289 1285 rum
306 1216 513 1287 recensione
531 1216 629 1311 quod
654 1239 728 1288 non
751 1216 980 1313 aliquatenus
1006 1221 1053 1292 ad
1075 1220 1169 1293 hanc
1186 1244 1263 1293 rem

207 1330 408 1425 augendam
421 1330 518 1418 facit,
534 1341 644 1428 atque
660 1332 730 1405 hoc
746 1331 827 1429 ipso
843 1335 992 1408 nomine
1006 1342 1043 1408 et
1056 1336 1263 1432 jucundum

207 1451 263 1518 est
288 1452 327 1518 et
352 1469 461 1519 suum
487 1446 554 1520 sibi
579 1449 701 1521 locum
724 1446 897 1524 vindicat.
951 1451 1074 1547 Atque
1101 1451 1171 1526 hac
1196 1453 1262 1526 ite-

207 1586 289 1634 rum
307 1563 352 1636 de
369 1585 478 1637 causa
490 1562 660 1637 Narratio
677 1563 739 1637 illa
756 1565 888 1640 rectius
905 1568 945 1641 in
957 1567 1077 1640 medio
1091 1567 1263 1642 Poemate

208 1703 318 1774 quam
341 1678 381 1751 in
406 1679 510 1753 initio
536 1680 652 1776 operis
678 1681 878 1756 collocatur
902 1688 946 1756 ut
970 1683 1093 1779 ipsum
1119 1682 1262 1782 Ulyssis

207 1795 362 1868 reditum
380 1820 487 1893 quam
506 1797 671 1892 proxime
687 1798 853 1894 attingat.

256 1911 377 1984 Aliam
394 1911 433 1984 in
451 1913 609 2010 Odyssea
627 1914 884 2008 digressionem
901 1939 976 1988 non
993 1940 1153 2012 agnosco
1169 1941 1262 2015 prae-

206 2034 261 2101 ter
288 2027 479 2102 historiam
507 2031 607 2103 illam
637 2030 682 2104 do
708 2031 856 2105 vulnere
883 2031 1008 2128 Ulyssi
1036 2035 1137 2106 illato
1167 2034 1263 2108 inter

205 2146 414 2222 venandum
430 2147 469 2221 in
485 2154 612 2222 monte
623 2147 814 2238 Pamass0‚
834 2175 915 2247 quae
927 2151 1090 2246 jucunde
1108 2141 1199 2226 satis
1216 2155 1263 2226 ad

206 2263 312 2337 oborn
336 2270 374 2337 et
398 2265 506 2360 longe
526 2264 703 2338 diversam
723 2266 808 2339 vitae
830 2265 909 2362 ejus
935 2272 1081 2339 aetatem
1105 2275 1258 2364 spectat,

206 2389 243 2455 et
262 2377 375 2479 (quod
397 2383 516 2478 majus
536 2387 605 2473 est)
629 2383 675 2456 ad
692 2383 793 2455 illam
814 2408 893 2458 rem
909 2383 1160 2480 explicandam
1178 2386 1262 2459 facit

206 2523 278 2596 qua
294 2499 446 2595 Ulysses
463 2500 581 2572 verbis
603 2500 678 2573 suis
703 2498 740 2571 in
759 2499 1004 2594 agnitionibus
1022 2501 1130 2573 fidem
1149 2501 1235 2574 saoit
1247 2531 1260 2589 ·;

200 2615 306 2712 jubet
331 2615 600 2713 quodammodo
628 2641 695 2689 nos
722 2615 833 2689 Poeta
859 2616 955 2689 banc
981 2615 1188 2689 machinam
1216 2642 1262 2693 ex

205 2731 355 2806 historia
377 2731 499 2828 potius
522 2732 755 2830 desumptam
779 2732 922 2820 credere
944 2755 1054 2828 quam
1078 2756 1145 2805 suo
1167 2733 1261 2808 arbi·

190 2847 275 2921 trio
292 2847 494 2922 confictam.
815 2851 820 2860 ’

255 2963 315 3036 Ite
331 2965 369 3036 in
385 2970 542 3060 utroque
559 2988 668 3062 opere
690 2966 824 3038 mentis
843 2964 1011 3037 humanae
1029 2961 1262 3038 oblectationi

146 3085 151 3092 ’
204 3090 242 3153 et
266 3069 470 3153 remissioni
492 3080 580 3154 satis
604 3080 786 3155 consuluit
803 3080 928 3165 Poeta,
946 3079 1034 3153 dum
1055 3091 1180 3153 tamen
1204 3081 1260 3152 in-

204 3203 303 3269 terea
326 3196 372 3269 ed
410 3222 549 3295 aspum
576 3221 684 3270 suum
710 3207 808 3270 recta
832 3197 994 3270 collimat
1006 3227 1016 3284 ;
1043 3197 1097 3270 ita
1118 3197 1260 3272 blandi-

206 3319 268 3386 tur
284 3312 406 3387 animo
424 3321 460 3388 et
483 3338 605 3387 rerum
621 3313 797 3387 varietate
815 3321 965 3410 captum
984 3311 1070 3410 agit,
1090 3337 1158 3386 nec
1176 3337 1264 3388 vero

205 3428 290 3502 sinit
312 3432 357 3503 ab
374 3429 544 3504 instituto
569 3430 688 3527 operis
705 3429 767 3503 diu
786 3454 824 3504 se
847 3435 1019 3502 avertere.
1073 3427 1157 3502 Hoc
1173 3453 1260 3504 vero

204 3551 260 3618 est
277 3570 423 3619 omnem
440 3548 646 3642 argumenti
668 3545 725 3619 sui
749 3546 929 3618 ambitum
947 3546 1177 3642 exploratum
1194 3544 1259 3618 ha-

202 3663 286 3736 bere
301 3673 340 3737 et
362 3663 477 3737 menti
499 3663 644 3759 penitus
665 3663 882 3760 subjectum,
902 3671 1011 3759 atque
1037 3661 1088 3734 ita
1111 3661 1258 3735 demum

205 3778 348 3876 singula
372 3780 574 3878 disponere,
596 3790 634 3853 et
660 3805 705 3853 ex
725 3780 843 3851 alieno
869 3803 968 3874 penu
992 3801 1035 3850 ea
1058 3778 1258 3851 adsciscere

202 3931 282 4004 quae
311 3932 357 3981 ex
379 3932 451 3983 usu
481 3908 588 3997 sient,
617 3895 687 3980 εἷθ’
717 3899 842 3993 οὕτως,
874 3915 917 3979 ut
946 3907 997 3980 ait
1025 3906 1255 3997 Aristoteles,

202 4025 437 4105 ἐπεισοδιοῦν
472 4027 533 4105 καὶ
572 4023 806 4128 παρατείνειν
818 4016 836 4106 ¹.
894 4030 1018 4129 Atque
1053 4034 1258 4108 istiusmodi

200 4147 372 4247 Episodia
401 4151 491 4224 dum
519 4151 684 4248 partibus
719 4149 831 4246 magis
864 4149 1117 4224 essentialibus
1146 4175 1255 4251 expo·

558 4381 565 4415 ¹
584 4381 684 4441 Arist.
700 4379 795 4447 Post,
808 4397 834 4437 c.
855 4393 900 4456 η.

713 4503 737 4552 U
