3058 4908
254 334 320 396 224
517 339 731 388 PRAELaorro
751 337 1049 390 paulun-raam

255 496 374 567 larum
398 495 565 600 gentium
590 491 738 568 dissidio
764 517 807 566 ea
832 492 982 589 seligere
1004 518 1086 590 quae
1106 494 1154 567 ad
1169 495 1314 570 nniver-

256 635 335 686 sam
362 610 538 685 Graeciam
563 612 811 707 pertingerent
836 617 874 683 et
900 609 1066 683 omnium
1085 611 1227 684 animos
1251 637 1314 686 oo-

255 746 455 832 cuparent;
475 757 594 831 neque
612 731 650 804 in
668 731 833 806 Historia
849 733 946 804 inter
957 731 1158 828 Trojanum
1173 733 1314 807 bellum

255 861 294 924 et
319 851 434 946 ipsius
461 847 613 922 Homeri
641 853 786 922 aetatem
818 848 1014 945 quicquam
1044 847 1183 945 reperio
1213 851 1313 946 quod

256 966 377 1064 magni
402 967 450 1040 sit
477 965 654 1039 momenti
679 975 717 1038 et
744 966 914 1038 omnibus
943 964 1081 1062 pariter
1105 989 1311 1040 commune.

255 1084 457 1158 Prudenter
472 1082 583 1178 igitur
600 1081 688 1156 seoit
704 1081 829 1170 Poeta,
848 1106 932 1155 cum
951 1105 1069 1179 neque
1093 1106 1132 1155 se
1148 1083 1195 1155 ad
1212 1107 1313 1156 snm-

255 1226 332 1274 mas
349 1199 577 1298 antiquitatis
596 1199 762 1273 tenebras
785 1199 1003 1296 ablegaverit
1026 1223 1145 1297 neque
1167 1200 1212 1272 ad
1229 1201 1312 1274 vul-

255 1343 377 1415 garem
403 1315 511 1390 nimis
534 1315 777 1389 recentiorum
792 1323 1004 1413 temporum
1029 1316 1230 1407 historiam,
1248 1319 1315 1392 sed

256 1438 301 1510 ad
332 1461 412 1510 eam
442 1441 587 1508 aetatem
617 1460 698 1532 quae
728 1435 773 1507 ab
800 1442 958 1531 utroque
984 1441 1149 1508 extremo
1178 1433 1316 1532 pariter

256 1553 417 1639 distaret,
436 1576 554 1647 neque
580 1576 626 1624 ex
648 1552 715 1623 hac
737 1560 841 1649 parte
864 1576 909 1624 ex
932 1550 1107 1654 memoria
1123 1551 1313 1626 hominum

256 1669 447 1756 exciderat,
475 1669 538 1742 sed
565 1667 618 1741 ita
643 1673 876 1755 remanserat,
904 1677 942 1740 et
968 1668 1199 1765 popularium
1226 1692 1313 1742 suo-

255 1811 338 1858 rum
357 1785 478 1858 studio
495 1793 708 1858 conservata
723 1783 854 1871 suerat,
874 1794 915 1858 ut
937 1784 1048 1858 fidem
1065 1784 1182 1857 faeere
1197 1785 1314 1881 possit

256 1911 294 1974 et
315 1902 384 1975 toti
407 1901 553 1975 Fabulae
578 1911 615 1974 et
642 1900 793 1995 singulis
819 1901 929 1974 etiam
954 1899 1117 1996 personis
1141 1912 1179 1974 et
1204 1902 1313 1976 rebus

256 2016 366 2113 gestis
384 2017 575 2113 (siquidem
591 2041 666 2090 non
678 2041 725 2089 ex
741 2015 888 2090 arbitrio
904 2023 1021 2114 poetae
1038 2017 1103 2090 sed
1119 2041 1166 2090 ex
1182 2041 1313 2091 monu-

114 2146 119 2161 “
255 2135 389 2206 mentis
413 2134 576 2207 nondum
600 2131 728 2206 deletis
752 2133 909 2230 pendere
931 2133 1102 2206 videntur
1122 2139 1181 2207 tot
1207 2158 1313 2208 aecu-

254 2256 343 2322 ratae
370 2256 406 2322 et
432 2246 611 2323 distincte
639 2273 886 2347 personarum,
913 2256 1126 2338 eventuum,
1152 2255 1191 2322 et
1218 2252 1313 2324 looo-

255 2393 338 2441 rum
372 2369 648 2466 descriptiones,
677 2378 714 2441 et
748 2374 834 2465 apta
866 2367 930 2441 illa
958 2367 1118 2467 partium
1152 2368 1246 2442 inter
1275 2394 1315 2443 se

256 2483 458 2574 consensio)
479 2509 596 2581 neque
614 2509 659 2557 ex
686 2485 798 2558 altera
823 2493 926 2581 parte
951 2509 994 2557 ea
1014 2482 1188 2580 dignitate
1204 2491 1243 2559 et
1260 2510 1314 2559 re

255 2603 418 2676 verentia
450 2609 571 2676 eareat
604 2625 685 2699 quoe
727 2603 844 2674 unicae
884 2601 1091 2700 antiquitati
1124 2603 1310 2679 tribuitur.

256 2722 477 2796 Habuerunt
502 2722 626 2818 itaque
652 2718 768 2794 Graeci
785 2721 1102 2816 Agamemnonem
1125 2729 1164 2796 et
1186 2720 1313 2797 Achil-

255 2840 328 2912 lem
353 2840 476 2935 magni
502 2838 662 2912 nominis
689 2843 728 2910 et
753 2837 964 2912 certissimae
992 2839 1175 2912 memoriae
1200 2841 1312 2930 viros,

255 2981 336 3054 quae
361 2962 485 3029 tamen
509 2977 676 3052 personae
701 2978 776 3027 non
801 2954 854 3028 ita
878 2956 1037 3052 vulgatae
1063 2961 1179 3046 erant,
1198 2968 1241 3030 nt
1266 2959 1315 3031 ab

255 3073 336 3170 ipso
353 3072 468 3147 Poeta
490 3073 619 3167 refingi
642 3072 912 3168 quodammodo
929 3077 968 3144 et
993 3073 1118 3146 recudi
1134 3097 1210 3146 non
1227 3098 1314 3170 pos-

255 3195 349 3262 sent.
402 3189 471 3262 Fas
496 3199 574 3261 erat
599 3187 722 3285 itaque
746 3188 798 3262 ita
823 3188 902 3262 illas
928 3189 966 3262 in
985 3190 1102 3286 majus
1127 3189 1253 3264 efferre
1269 3199 1314 3265 nt

255 3305 375 3403 Epicae
393 3305 561 3404 dignitati
579 3304 826 3393 convenirent,
845 3330 914 3379 nec
929 3330 1017 3379 vero
1033 3306 1257 3380 authoritate
1274 3317 1313 3381 et

255 3424 327 3497 fide
340 3430 526 3510 carerent3
549 3421 604 3496 fas
621 3427 699 3495 erat
715 3423 756 3495 in
767 3422 920 3519 singulis
934 3423 1053 3496 verbis
1070 3428 1108 3496 et
1124 3423 1230 3497 factis
1247 3425 1311 3498 ad·

255 3555 379 3628 hibere
396 3541 560 3648 αὔξησιν
577 3552 689 3640 illam,
704 3579 785 3650 quae
801 3578 885 3628 cum
900 3555 998 3627 ultra
1010 3553 1162 3627 hnmani
1177 3553 1312 3650 ingenii

255 3672 404 3744 modum
422 3693 609 3767 assurgere
627 3669 782 3758 videtur,
795 3670 835 3742 in
852 3668 1054 3744 sublimiori
1070 3681 1194 3744 tamen
1210 3671 1314 3767 poesi

255 3795 401 3862 tantum
430 3788 541 3875 valet,
572 3810 689 3884 neque
719 3810 741 3858 a
771 3793 913 3860 naturae
942 3785 1096 3860 veritate
1130 3787 1311 3862 abhorret.

254 3917 440 3992 Homerus
457 3911 580 3993 antem
599 3941 673 3990 non
690 3923 767 3990 tam
784 3917 824 3990 in
841 3916 1000 3991 formula
1022 3905 1230 3992 ista-Ota
1248 3908 1315 3988 νῦν

253 4041 389 4140 βροτοὶ
414 4043 649 4146 etos—qnam
676 4071 743 4143 per
770 4052 890 4120 tntum
918 4071 1013 4145 opus
1038 4071 1120 4120 eam
1147 4053 1311 4142 usurpat

254 4161 420 4260 Hujusce
445 4164 554 4238 etiam
581 4163 635 4238 rei
660 4162 836 4260 principia
863 4164 931 4237 sub
958 4164 1171 4262 questionis
1196 4163 1313 4237 forma

255 4290 436 4366 subtiliter
462 4277 557 4366 eruit
585 4281 930 4367 Aristoteles—Ani
952 4285 992 4364 τί
1008 4275 1174 4384 ἡδόμεθα
1199 4279 1310 4363 ἀκού·

255 4441 359 4492 οντες
385 4407 432 4488 τὰ
459 4409 553 4509 μήτε
579 4409 668 4491 λίαν
693 4411 851 4511 παλαιὰ,
878 4410 972 4513 μήτε
995 4413 1130 4518 κομιδῇ
1160 4409 1226 4493 νέα
1237 4443 1254 4504 ,·
1285 4407 1309 4512 ἢ
