3058 4902
293 319 359 382 288
536 327 749 378 amirario
773 329 1103 380 necrus-sarriri.
1219 337 1261 382 ·.

292 483 428 552 metam
452 502 596 574 gressus
622 478 755 574 dirigit,
779 479 891 551 etiam
917 484 999 551 tum
1024 485 1144 552 certus
1169 479 1237 554 viae
1261 425 1432 659 οὺχ

293 606 493 691 temperare
511 595 633 670 cursui
649 603 685 667 et
702 620 724 667 a
740 595 886 668 tramite
905 595 1097 668 deflectere
1113 597 1290 670 videatur.
1519 625 1520 716 y

344 712 389 785 ln
403 712 578 808 Odyssea,
594 722 635 785 ut
653 737 763 808 supra
775 714 994 799 notavimus,
1010 712 1124 808 magis
1141 713 1293 787 licenter
1309 725 1347 788 et

291 828 401 902 libere
427 829 530 902 effert
555 853 594 902 se
612 829 725 902 Poeta
750 835 929 925 quatenus
947 830 1131 925 duplicem
1157 828 1225 902 sibi
1242 830 1345 904 fabu-
1519 835 1520 904 l

291 946 364 1017 lam
393 971 459 1042 pro
487 953 703 1042 argumento
729 947 851 1032 habet,
883 952 920 1018 et
948 946 993 1017 ab
1023 970 1098 1017 una
1126 947 1272 1040 regione
1298 949 1345 1020 ad

291 1060 409 1149 aliam,
427 1064 472 1136 ab
491 1062 633 1158 Ulyssis
651 1062 697 1133 ad
715 1060 924 1134 Telemachi
940 1085 1079 1134 errores
1097 1063 1239 1148 transit,
1257 1087 1344 1136 nus-

255 1157 264 1170 ·
291 1201 400 1274 quam
417 1187 537 1251 tamen
554 1203 616 1251 eos
633 1180 723 1251 fines
741 1176 1006 1273 transgreditur
1021 1179 1117 1251 intra
1134 1203 1225 1274 quos
1243 1178 1346 1275 Epici

292 1294 460 1368 carminis
474 1294 660 1390 integritas
673 1301 710 1366 et
727 1287 942 1390 simplicitas
956 1300 1111 1368 constat.
1142 1293 1277 1367 Omnia
1298 1295 1348 1368 ad

292 1411 464 1509 Ulyssem
490 1414 610 1510 ipsum
627 1407 686 1486 uel
711 1413 756 1484 ad
782 1413 938 1508 patriam
955 1417 993 1484 et
1010 1410 1183 1484 familiam
1201 1411 1346 1508 Ulyssis

290 1528 395 1602 facile
420 1530 542 1602 referri
567 1540 732 1626 possunt,
753 1528 826 1601 imo
849 1530 886 1600 in
907 1529 977 1600 hoc
1001 1535 1166 1623 poemate
1182 1528 1241 1600 vel
1265 1552 1346 1624 par·

291 1645 369 1718 cius
392 1671 502 1743 quam
526 1646 564 1718 in
591 1645 702 1719 Iliade
727 1646 772 1717 ab
798 1651 1014 1740 argumento
1040 1643 1210 1732 deflectit,
1230 1644 1260 1716 si
1285 1669 1345 1716 ex·

291 1762 467 1859 cipiamns
479 1766 625 1860 longam
636 1763 775 1859 Ulyssis
792 1763 1047 1836 narrationem.
1079 1762 1124 1835 In
1140 1765 1344 1860 praeccden·

291 1881 389 1954 tibus
406 1879 505 1953 libris
528 1906 574 1953 ne
591 1882 704 1954 semel
720 1880 866 1976 quidem
888 1880 1049 1952 inchoati
1071 1881 1189 1977 operis
1214 1881 1345 1954 seriem

290 1997 487 2094 abrumpit,
502 1996 570 2069 nisi
589 1998 681 2070 sorte
697 1997 790 2070 vatis
804 1997 1006 2069 Demodoci
1023 2003 1153 2070 cantus
1171 2021 1239 2093 pro
1255 1997 1343 2094 Epi-

291 2112 399 2186 sodiis
425 2115 636 2203 habeantur,
664 2115 726 2210 qui
751 2125 872 2188 tamen
898 2113 1060 2210 plerique
1085 2125 1123 2186 et
1146 2114 1343 2212 Trojanum

290 2213 426 2304 bellum
443 2239 481 2304 et
494 2231 666 2328 Ulyssem
684 2231 805 2328 ipsum
822 2236 1117 2318 commemorant,
1132 2241 1168 2304 et
1186 2229 1246 2303 isti
1262 2255 1345 2327 quae

291 2347 453 2444 sequitur
463 2347 603 2444 Ulyssis
616 2346 792 2442 agnitioni
801 2347 899 2419 viam
911 2353 1099 2420 sternunt:
1120 2360 1207 2421 sunt
1221 2358 1345 2422 autem

289 2465 449 2538 minores
467 2490 577 2562 quam
588 2466 658 2560 ·qui
677 2466 744 2537 sub
762 2463 834 2537 isto
852 2464 999 2537 nomine
1017 2475 1114 2538 recte
1131 2465 1275 2546 cadant.

339 2582 383 2653 In
414 2581 552 2678 Ulyssis
582 2580 788 2654 narratione
821 2582 1052 2677 abrumpitur
1081 2588 1178 2655 certe
1212 2592 1249 2656 et
1279 2583 1343 2656 diu

288 2699 401 2772 haeret
424 2722 583 2796 praesens
600 2697 746 2770 Fabulae
765 2698 891 2772 Actio:
920 2697 1072 2772 fortasse
1098 2699 1209 2771 etiam
1226 2701 1344 2773 voluit

288 2816 400 2891 Poeta
422 2839 571 2890 suorum
596 2821 803 2910 temporum
820 2813 1089 2910 Mythologiam
1107 2815 1253 2888 Poetioo
1282 2840 1340 2888 or-

288 2940 377 3006 natu
406 2933 576 3015 induere;
608 2931 728 3003 adhuc
756 2937 880 3003 tamen
908 2932 988 3004 haec
1023 2931 1144 3004 omnia
1171 2933 1342 3029 Ulyssem

288 3051 361 3122 fere
384 3047 534 3121 unicum
558 3053 736 3144 spectant,
761 3072 879 3144 neque
907 3048 1009 3120 nullo
1033 3047 1184 3121 consilio
1210 3051 1248 3122 in
1273 3050 1344 3124 hoo

287 3165 367 3260 ipso
383 3166 465 3238 loco
488 3165 782 3260 interponuntur.
836 3163 980 3236 Etenim
997 3164 1058 3238 ille
1080 3166 1118 3238 in
1135 3165 1255 3240 reditu
1272 3191 1340 3240 suo

289 3305 483 3378 personam
514 3305 683 3378 gessurus
717 3287 773 3354 est
798 3280 864 3353 viri
898 3287 936 3353 et
966 3281 1152 3355 decennali
1180 3285 1277 3356 bello
1305 3295 1342 3358 et

287 3397 495 3495 longinquis
513 3398 691 3471 erroribus
714 3396 920 3470 exercitati:
949 3408 1046 3471 recte
1063 3397 1175 3495 igitur
1191 3409 1229 3473 et
1254 3425 1341 3497 pru·

289 3514 415 3587 denter
444 3523 488 3587 ut
520 3515 692 3586 lectorem
727 3513 908 3586 monitum
937 3513 1081 3602 babeat,
1114 3516 1340 3590 occasionem

286 3633 412 3728 arripit
439 3633 552 3706 Poeta
582 3633 704 3704 omnia
734 3633 812 3706 haec
838 3657 958 3704 rerum
986 3632 1193 3706 discrimina
1220 3633 1340 3731 singu·

286 3752 388 3823 latim
414 3750 628 3847 exponendi,
647 3749 724 3846 pari
750 3749 795 3822 de
821 3773 930 3822 causa
954 3774 999 3822 ex
1025 3773 1087 3822 ore
1104 3749 1246 3847 Ulyssis
1271 3751 1341 3824 sre-

289 3878 440 3963 quenter
457 3868 519 3940 illa
537 3874 689 3962 usurpat
701 3899 763 3942 :—

758 4014 798 4025 —
812 3987 877 4040 κακὰ
889 3987 979 4041 πολλὰ
992 3985 1112 4056 poyr'yoos

777 4107 790 4140 s
802 4084 914 4155 πατρίδα
927 4086 1004 4154 γαῖαν
1011 4087 1033 4137 ⁸.

451 4185 566 4258 Ἀνδρῶν
579 4209 608 4240 τε
620 4187 767 4256 πτολέμους
780 4187 901 4260 ἀλεγεινά
914 4211 942 4242 τε
957 4185 1056 4257 κύματα
1069 4179 1196 4259 nelpavl.

378 4363 392 4408 s
414 4353 514 4430 Odyaa.
531 4366 566 4411 n.
582 4357 659 4423 206;
680 4367 710 4413 τ.
725 4357 801 4430 484;
822 4369 855 4415 o.
872 4357 950 4426 2083
970 4367 1004 4414 Ψ.
1025 4372 1098 4432 1703
1121 4367 1153 4414 u.
1172 4371 1239 4428 ³21·

378 4446 390 4478 ¹²
411 4445 534 4504 Ibide.
555 4450 626 4520 183;
647 4463 681 4507 Ν.
696 4467 745 4524 91,
761 4451 828 4524 264.
