3058 4908
1060 30 1090 115 Χ.

298 341 364 406 278
567 352 781 401 amorio
801 351 1075 399 reclausum,
1209 320 1232 354 ⁸·

297 511 413 600 poetae
431 505 494 578 sed
511 505 677 578 civitates
693 503 804 576 etiam
821 515 859 576 et
872 505 996 600 legum
1013 505 1147 576 latores
1163 457 1428 640 attigerim&

245 695 250 706 .
297 621 433 710 -τοῦς
459 624 599 725 μύθους
627 623 855 730 ἀνελέξαντο
884 627 956 728 οὐχ
981 630 1016 703 oi
1044 626 1195 724 ποιηταὶ
1222 623 1352 723 μόνον,
1430 646 1468 741 'xx

297 751 400 832 ἀλλὰ
429 758 490 833 καὶ
519 759 556 832 αἱ
582 753 713 838 πόλέις
742 746 841 834 πολὺ
868 749 1055 857 πρότερον
1083 755 1145 832 καὶ
1174 757 1209 831 οἱ
1239 786 1351 850 νομο·
1485 790 1496 813 x

297 875 399 958 θέται
424 879 493 959 τοῦ
511 879 703 983 χρησίμου
727 879 840 982 χάριν
861 876 1078 977 βλέψαντες
1102 882 1153 960 εἲς
1172 874 1215 956 τὸ
1235 883 1352 984 φυσι-

296 1005 363 1086 κὸν
392 1004 511 1091 πάθος
541 1017 609 1088 τοῦ
639 1007 795 1110 λογικοῦ
827 1005 1039 1109 (oiov⁸—ex
1075 1017 1145 1088 hoc
1179 1017 1280 1088 fonte
1313 1021 1353 1088 et

295 1133 517 1206 humanioris
546 1135 633 1206 vitae
660 1140 698 1206 et
725 1133 899 1206 doctriuae
927 1133 1036 1208 etiam
1061 1131 1165 1205 initia
1191 1133 1353 1205 derivare

295 1251 454 1344 aggressi
472 1260 571 1323 sunt.
624 1250 778 1348 Optimo
795 1250 918 1347 itaque
934 1251 1013 1346 jure
1032 1249 1216 1323 Homerus
1232 1249 1271 1320 iu
1286 1247 1352 1322 illo

296 1368 467 1441 Poemate
484 1369 583 1464 quod
602 1368 717 1441 otiose
733 1369 871 1464 perlegi
888 1380 1012 1465 posset
1030 1369 1107 1440 haec
1124 1368 1352 1441 abundanter

294 1485 514 1570 immiscuit;
542 1486 617 1557 imo
644 1510 686 1557 ea
714 1486 851 1557 intacta
878 1486 1066 1581 reliquisse
1087 1486 1190 1557 nefas
1211 1485 1351 1556 suisset.

295 1601 418 1674 Redeo
451 1611 571 1701 tamen
602 1602 648 1674 ad
682 1601 743 1674 illa
774 1626 854 1698 quae
885 1603 1129 1698 disputabam,
1160 1601 1352 1698 utriusque

295 1720 416 1815 operis
446 1720 606 1792 fabulam
633 1743 746 1790 unam
774 1743 853 1790 esse
883 1729 920 1792 et
949 1719 1151 1815 simplicem
1178 1725 1216 1790 et
1241 1721 1353 1814 justae

294 1861 362 1932 pro
385 1835 506 1931 Epicae
527 1836 683 1909 Poeseos
709 1835 885 1929 dignitate
911 1841 948 1907 et
968 1835 1142 1908 varietate
1168 1837 1351 1931 magnitu-

294 1953 401 2040 dinis,
421 1958 459 2023 et
481 1977 527 2024 ex
551 1952 714 2048 partibus
738 1957 905 2024 constare
929 1951 982 2024 ita
997 1949 1093 2024 inter
1109 1975 1148 2024 se
1171 1953 1351 2026 contextis

294 2076 338 2141 ut
364 2093 445 2142 cum
476 2069 585 2142 series
614 2093 735 2140 rerum
764 2075 801 2140 et
829 2075 1013 2141 structura
1039 2069 1170 2142 fabulae
1200 2093 1352 2141 summae

295 2187 343 2257 sit
373 2185 472 2270 artis,
500 2210 521 2257 a
551 2195 689 2257 naturae
718 2195 840 2257 tamen
870 2186 1103 2280 simplicitate
1132 2183 1247 2281 petita
1271 2209 1353 2258 esse

296 2301 473 2374 videatur.
521 2301 611 2374 Esse
629 2301 783 2398 denique
801 2302 1091 2397 magnitudinem
1109 2301 1217 2374 istam
1235 2303 1351 2376 totius

295 2432 332 2490 et
357 2418 516 2514 partium
542 2419 705 2490 ordinem
731 2441 777 2489 ex
804 2417 935 2513 quibus
961 2427 1044 2513 apte
1071 2419 1225 2490 interae
1250 2441 1351 2491 com-

296 2533 422 2630 positis
436 2534 554 2606 omnis
572 2535 808 2630 pulchritudo
822 2541 860 2606 et
870 2545 1042 2607 venustas
1055 2543 1220 2620 constat;
1239 2539 1351 2630 atque

295 2651 360 2722 has
390 2649 521 2747 Epieae·
543 2650 698 2723 Poeseos
732 2651 830 2745 leges
861 2649 1064 2723 Homerum
1099 2651 1260 2746 primum
1294 2651 1348 2724 iu-

293 2768 436 2840 venisse
460 2768 629 2841 credibile
654 2775 721 2855 est,
741 2769 975 2841 confirmasse
1000 2775 1038 2839 et
1062 2768 1259 2864 perfecisse
1274 2793 1350 2842 cer-

296 2894 375 2956 tum
393 2891 461 2958 est.
511 2921 519 2940 ι

189 2991 193 2998 ’
345 3000 532 3084 Quidnam
555 3027 600 3075 ex
628 3001 684 3074 his
714 3003 979 3098 exemplaribus
1004 3002 1178 3098 proficere
1206 3003 1349 3099 potuis-

293 3129 374 3191 sent
392 3130 428 3192 et
447 3118 563 3192 Graeci
584 3127 622 3192 et
639 3121 872 3192 Recentiores
894 3144 969 3192 non
987 3122 1092 3215 louge
1109 3121 1349 3214 quaereudum

294 3241 361 3308 est.
415 3235 580 3310 Dixerim
603 3239 767 3333 profecto
790 3236 1072 3334 pulchritudiuis
1092 3243 1130 3308 et
1147 3237 1350 3312 venustatis

293 3352 428 3424 formas
458 3354 743 3451 haudquaquam
770 3366 846 3426 arte
873 3354 1045 3425 confictas
1073 3377 1165 3440 esse,
1197 3354 1261 3426 sed
1289 3356 1350 3427 vel

294 3477 424 3542 natura
451 3470 488 3543 in
517 3479 638 3543 mente
667 3473 829 3548 humana
856 3469 982 3542 insitas
1010 3471 1069 3542 vel
1103 3470 1198 3543 facili
1227 3472 1351 3544 labore

294 3594 332 3658 et
363 3587 508 3684 propria
538 3589 617 3682 ejus
645 3587 683 3658 vi
712 3588 941 3683 aliquatenus
971 3589 1224 3683 assequendas,
1256 3611 1350 3660 uun-

294 3727 404 3798 quam
432 3729 540 3800 porro
567 3704 668 3775 omni
694 3727 740 3774 ex
769 3714 870 3799 parte
896 3705 1030 3789 deesse,
1056 3703 1121 3775 sed
1147 3703 1207 3775 vel
1231 3701 1269 3776 iu
1294 3705 1352 3776 in-

293 3821 392 3892 culto
417 3821 502 3892 vitae
536 3827 635 3892 statu
662 3821 721 3891 vel
750 3820 789 3892 iu
816 3819 956 3892 inculta
991 3826 1113 3892 mente
1146 3820 1277 3915 partim
1309 3843 1352 3892 se

293 3938 451 4033 aperire:
479 3940 728 4010 simulantem
746 3937 895 4009 dixerim
914 3961 1066 4009 summae
1082 3938 1172 4009 artis
1195 3943 1233 4008 et
1249 3937 1353 4032 longi

293 4079 383 4128 usus
408 4080 488 4128 esse
514 4057 580 4128 has
606 4058 703 4152 ipsas
721 4055 853 4127 sormas
879 4077 1132 4126 consummare
1157 4065 1195 4124 et
1221 4053 1351 4126 limato

290 4170 428 4265 judicio
455 4173 643 4268 subjicere,
672 4196 757 4244 cum
787 4195 968 4267 nusquam
996 4195 1072 4243 nou
1099 4169 1349 4256 inveniuntur,

293 4288 530 4361 inveniuntur
563 4297 686 4361 tamen
720 4288 777 4360 vel
816 4288 1038 4384 imperfectae
1073 4293 1112 4360 et
1146 4289 1253 4360 rudes
1288 4287 1349 4358 vel

606 4483 614 4504 '
638 4479 753 4546 Strabo,
771 4479 819 4536 lib.
836 4479 856 4536 i.
871 4497 899 4555 p.
917 4498 962 4554 19,
977 4479 1030 4537 dte.
