3058 4902
418 374 635 423 rameaarro
654 373 955 424 onerare-aerari.
1156 362 1219 427 309

163 529 276 603 toties
292 523 491 620 usurpatis)
507 523 744 598 eminentiora
760 523 911 598 Morum
925 522 1130 597 discrimina
1146 550 1219 599 non

166 645 287 717 habet.
337 638 466 714 Oaeteri
484 639 577 737 siqui
594 640 633 714 in
650 641 811 714 medium
828 639 1061 737 proferuntur·
1077 639 1220 714 infimas

166 762 432 856 partesagunt,
451 757 490 828 in
507 756 577 829 hoc
593 761 658 830 aut
675 757 737 830 illo
755 757 837 830 ioco
860 758 970 829 semel
988 757 1220 854 conspiciun-

167 888 240 964 tur,
260 900 328 949 nec
344 898 431 948 vero
448 872 487 945 in
504 873 611 968 longa
628 898 749 946 rerum
766 881 951 968 gestarum
967 872 1058 945 serie
1074 883 1111 946 et
1128 872 1223 948 inter

163 979 284 1065 'varias
297 990 395 1080 vices
413 988 481 1062 sibi
498 996 727 1062 constantem
745 999 782 1062 et
799 989 1012 1086 aequabilem
1030 1013 1223 1086 personam

168 1116 329 1181 tuentur.
370 1105 498 1203 ltaque
516 1097 740 1201 singulorum
754 1106 951 1180 affectuum
969 1105 1091 1202 potius
1105 1105 1222 1178 etvir-

168 1235 290 1299 tutum
310 1224 517 1297 discrimina
542 1222 716 1295 exhibent
732 1247 842 1319 quam
869 1223 1059 1295 hominum
1084 1221 1123 1294 in
1141 1224 1222 1318 qui-

167 1342 237 1415 bus
265 1341 416 1413 affectus
444 1346 483 1412 et
507 1339 662 1412 virtutes
693 1349 869 1437 tanquam
894 1340 1072 1412 elementa
1100 1338 1222 1420 multi·

168 1457 287 1536 modis
302 1456 398 1529 inter
414 1479 453 1528 se
477 1455 712 1529 conferuntur
729 1463 767 1528 et
791 1454 1031 1550 implicantur.
1085 1453 1222 1530 Contra

168 1580 292 1648 autem
318 1599 362 1647 ex
388 1572 552 1669 personis
578 1577 616 1644 et
642 1570 804 1646 moribus
830 1570 962 1646 Iliados
990 1581 1025 1645 et
1052 1569 1223 1668 Odysseae

169 1699 322 1763 eventus
348 1688 545 1784 profluunt.
599 1687 645 1759 In
669 1689 783 1761 altera
808 1711 854 1760 ex
874 1688 1160 1783 Agamemnonis
1185 1700 1223 1762 et

168 1804 323 1880 Achillis
354 1827 550 1900 congressu
579 1827 698 1876 novus
728 1803 884 1898 Trojano
913 1805 1008 1876 bello
1038 1804 1157 1878 fervor
1186 1811 1224 1878 et

169 1947 264 1996 nova
289 1920 397 1995 facies
423 1918 595 2008 exoritur,
614 1921 652 1992 in
678 1921 790 1993 altera
815 1943 860 1992 ex
881 1919 1025 2016 Ulyssis
1049 1921 1224 2018 patientia

169 2047 208 2114 et
224 2039 436 2113 fortitudine
453 2045 490 2110 at
508 2035 620 2133 ipsius
638 2042 675 2110 et
693 2060 842 2111 suorum
861 2037 1006 2110 fortuna
1023 2038 1167 2134 pendet.

221 2154 293 2229 Sed
309 2161 505 2250 antequam
528 2155 567 2226 in
585 2155 678 2227 hanc
695 2153 974 2250 disputationem
995 2154 1145 2229 interius
1162 2157 1224 2229 de-

169 2273 345 2360 labamur,
366 2277 477 2343 restat
503 2271 757 2368 exponendum
777 2295 942 2367 quaenam
966 2271 1014 2344 sit
1038 2270 1077 2344 in
1094 2297 1225 2366 genere

169 2413 206 2476 et
237 2403 308 2475 late
338 2407 486 2497 sumpta
515 2399 665 2473 Morum
691 2400 916 2475 adumbratio
942 2402 1000 2474 vel
1019 2383 1153 2490 Ἧθος,
1182 2415 1225 2474 ut

171 2518 302 2592 Graeco
319 2515 466 2590 nomine
484 2514 617 2590 rectius
635 2521 792 2588 utamur.

220 2636 307 2709 Jam
323 2658 410 2708 vero
433 2634 479 2707 ad
505 2633 687 2730 agendum
704 2631 939 2729 propellimur
956 2631 1089 2728 partim
1106 2657 1154 2706 ex
1171 2635 1224 2706 af-

169 2751 324 2826 fectibus
342 2751 403 2847 qui
422 2752 561 2823 ratione
587 2755 712 2825 carent
737 2748 806 2822 nisi
823 2759 1002 2846 quatenus
1028 2748 1061 2823 ei
1086 2751 1225 2824 obtem·

170 2874 306 2964 perant,
325 2866 459 2964 partim
482 2891 526 2939 ex
552 2865 631 2963 ipsa
655 2863 794 2938 ratione
804 2872 827 2936 ⁰.
882 2863 1066 2964 Quicquid
1094 2867 1225 2939 horum

169 2986 245 3073 fiat,
266 2986 323 3058 vel
346 2982 467 3056 subito
485 2984 626 3080 impetu
650 2993 736 3056 nato
753 3007 798 3055 ex
824 3007 862 3054 re
883 2981 1003 3079 aliqua
1019 2983 1124 3056 nobis
1142 2984 1225 3056 sub·

164 3100 263 3196 jecta
296 3122 581 3184 commovemur,
616 3099 674 3170 vel
708 3098 822 3194 magis
857 3098 1059 3195 composito
1094 3104 1226 3175 mentis

169 3216 296 3288 habitu
323 3221 362 3287 et
388 3221 493 3287 motu
518 3213 576 3286 cui
603 3237 647 3286 ex
676 3214 847 3288 diuturno
875 3239 946 3288 usu
972 3218 1225 3292 assuescimus.

171 3331 209 3405 Si
239 3356 284 3404 ex
317 3355 356 3404 re
385 3330 494 3403 unica
524 3328 699 3403 babemus
727 3333 785 3404 vel
818 3331 968 3404 rationis
998 3333 1138 3407 monita
1169 3337 1225 3408 vei

170 3449 367 3522 affectuum
386 3453 520 3532 motus,
539 3447 617 3520 baec
642 3453 738 3520 carte
764 3447 923 3520 nonnisi
947 3473 990 3520 ex
1017 3473 1056 3521 re
1080 3447 1158 3544 ipsa
1176 3451 1228 3523 di·

164 3565 363 3662 judicanda
379 3573 479 3652 sunt,
492 3587 609 3661 neque
627 3565 733 3636 aliter
748 3564 931 3659 provideri
948 3571 1123 3661 possunt:
1144 3591 1228 3663 pro-

169 3683 291 3756 fluunt
312 3683 389 3777 jam
407 3680 528 3754 omnia
548 3705 593 3754 ex
618 3679 662 3754 iis
680 3704 761 3776 quae
787 3680 968 3754 occasioni
994 3683 1063 3780 ipsi
1089 3682 1226 3772 insunt,

168 3801 227 3872 vel
244 3823 289 3871 ex
305 3797 348 3870 iis
366 3821 446 3895 quaa
463 3797 501 3870 in
519 3821 557 3870 se
575 3799 685 3872 habet
697 3798 896 3870 affectuum
913 3797 1156 3872 incitamentis
1171 3803 1228 3872 vel

168 3915 407 3990 ratiocinandi
426 3915 578 3988 materia
594 3921 632 3988 et
649 3913 748 3989 locis.
793 3913 983 3988 Hactenus
1000 3915 1050 3987 nii
1067 3917 1228 4012 proderit

209 4153 333 4213 ⁰Recte
343 4152 450 4212 statuit
459 4152 637 4213 Aristotelea
647 4153 679 4211 in
720 4149 791 4210 ferri
816 4167 913 4230 possa,
936 4169 972 4209 ax
993 4147 1040 4210 his
1061 4148 1139 4210 anim
1161 4154 1228 4210 tan·

170 4233 270 4304 Rhea,
282 4231 303 4291 1.
313 4231 333 4291 i.
343 4251 370 4291 o.
384 4250 430 4301 10,
438 4251 488 4292 aas
500 4251 603 4291 omnes
614 4251 680 4311 quaa
720 4250 808 4310 quam
829 4249 865 4289 ex
885 4228 1039 4308 principiis
1059 4229 1122 4290 suis
1146 4249 1225 4290 com-

171 4331 208 4372 ex
215 4310 328 4390 mentia
342 4311 447 4371 habitu
461 4311 679 4390 profluuntAc·
720 4309 843 4389 ponitur
853 4309 962 4370 mentis
973 4308 1091 4370 habitus
1100 4307 1146 4370 val
1160 4329 1227 4390 par·

171 4391 270 4450 tiones
284 4389 322 4450 ad
333 4399 464 4468 λόγισμον
477 4390 524 4451 vel
536 4393 620 4452 πόθος
634 4409 679 4450 re·
720 4409 802 4448 sonu.
