3094 4898
273 278 336 341 158
625 287 838 337 remmono
858 289 969 336 noran.

269 445 371 514 certa
387 448 464 512 erat
481 438 581 536 apud
603 462 690 514 suos
713 439 873 512 scientia.
927 438 1040 524 Quod
1057 465 1143 516 vero
1160 443 1199 516 in
1216 448 1328 520 mari-

269 557 358 628 tima
385 563 526 630 tantum
553 581 616 629 ora
637 557 850 630 versabatur
875 555 1156 632 Homerioorum
1182 568 1328 660 tempo..
1372 571 1376 579 '

269 698 352 746 rum
379 673 608 770 Geographia
634 698 708 746 non
732 683 788 748 est
810 675 908 771 quod
925 675 1077 764 mireris,
1096 702 1183 751 cum
1206 679 1328 754 Hero-

249 791 378 868 ‚dotus
405 793 513 886 longe
539 789 749 863 recentioris
776 791 844 864 aevi
874 793 1030 888 scriptor
1055 793 1152 868 intra
1181 797 1329 872 eosdem

268 909 359 980 fines
385 908 598 980 substiterit.
652 907 770 981 Nemo
796 909 962 982 omnium
987 911 1211 1009 propinquas
1237 917 1328 988 mari

269 1024 434 1122 regiones
467 1025 583 1122 magis
622 1027 811 1122 perspicue
855 1037 893 1100 et
926 1035 1051 1124 aperte
1086 1030 1326 1108 demonstrat.

268 1142 542 1240 Thermopylas,
563 1144 782 1216 maritimum
806 1142 969 1217 Thraciae
995 1146 1113 1234 littus,
1132 1155 1170 1221 et
1196 1157 1328 1224 caetera

268 1261 534 1360 quamplurima
558 1258 604 1333 ad
630 1259 806 1334 amussim
832 1261 1013 1359 descripta
1039 1263 1163 1350 habes,
1186 1290 1229 1338 ea
1254 1267 1328 1340 fide

267 1389 306 1452 et
323 1378 473 1454 scientia
490 1402 562 1475 qua
578 1378 671 1452 nihil
688 1402 809 1475 supra.
862 1377 966 1452 Idem
983 1404 1069 1453 cum
1087 1381 1132 1455 de
1148 1382 1327 1458 Mediter-

268 1497 386 1568 raneis
416 1496 581 1593 partibus
610 1495 772 1593 loquitur
801 1494 954 1570 difficilis
983 1504 1041 1571 est
1070 1507 1108 1572 et
1135 1501 1326 1588 obscums,

269 1637 337 1686 nec
354 1612 424 1686 nisi
440 1612 557 1685 obiter
568 1618 606 1684 et
623 1613 783 1686 breviter
796 1611 840 1686 de
857 1614 902 1686 iis
915 1615 1026 1688 verba
1044 1615 1141 1689 lacit.
1172 1617 1325 1691 Deside-

268 1739 369 1804 ratur
393 1730 516 1825 itaque
532 1728 665 1804 Xerxis
685 1754 749 1826 per
769 1728 997 1805 Thessaliam
1012 1731 1325 1808 Mediterraneum

269 1847 360 1932 iter;
389 1851 519 1920 caetera
535 1847 663 1921 sedulo
681 1858 918 1944 peraguntur.

317 1964 375 2038 De
388 1965 520 2038 Navali
534 1965 741 2040 Graecorum
754 1964 914 2039 Scientia
927 1965 1013 2038 alibi
1024 1968 1169 2064 loquuti
1184 1993 1324 2056 sumus,

267 2084 331 2158 ubi
348 2084 392 2157 de
409 2107 537 2158 eorum
558 2081 776 2158 commercio
800 2082 1045 2182 disceptatum
1065 2095 1132 2160 est.
1176 2085 1325 2160 Novam

267 2227 345 2275 rem
378 2201 470 2275 miro
503 2226 589 2275 cum
621 2201 748 2274 ardore
774 2209 1021 2299 susceperant,
1057 2204 1166 2277 rudes
1200 2209 1325 2278 tamen

266 2320 386 2394 adhuc
412 2324 450 2392 et
476 2319 593 2416 ignari
623 2318 676 2392 rei
701 2317 880 2392 Nauticae.
935 2318 1008 2394 Sed
1036 2343 1082 2393 ex
1116 2319 1188 2396 hac
1220 2329 1325 2418 parte

267 2461 399 2534 magna
414 2445 492 2511 erat
508 2437 726 2511 Phoenicum
744 2437 904 2510 scientia.

315 2554 502 2628 Naturalis
518 2554 685 2628 Historia
709 2579 820 2652 quam
837 2577 1010 2628 vocamus
1035 2553 1246 2628 recentioris
1266 2568 1325 2631 est

266 2672 344 2746 aevi.
398 2673 526 2769 Siquid
552 2697 598 2746 ex
627 2672 696 2746 hac
725 2681 826 2768 parte
851 2672 1042 2746 enucleate
1068 2673 1247 2768 loquutus
1274 2675 1324 2747 sit

266 2791 453 2864 Homerus
471 2815 603 2887 magno
622 2791 785 2864 authoris
808 2789 953 2886 ingenio
971 2801 1009 2863 et
1026 2791 1180 2864 assiduae
1198 2791 1323 2864 obser-

265 2908 404 2982 vationi
429 2909 663 2984 tribuendum
689 2917 757 2996 est,
776 2908 942 2980 nondum
966 2907 1065 2980 enim
1091 2931 1134 2980 eo
1155 2906 1323 2982 Philoso-

266 3026 353 3124 phia
375 3037 601 3124 pervenerat,
620 3049 737 3124 neque
760 3025 912 3121 hujusce
937 3024 988 3098 rei
1014 3025 1178 3100 studium
1203 3024 1323 3098 homi-

266 3168 355 3216 num
373 3145 513 3218 animos
531 3153 782 3240 occupaverat.

315 3259 373 3333 De
389 3259 525 3334 Ethicis
542 3260 668 3334 eadem
685 3284 765 3355 quae
783 3260 828 3333 de
842 3259 1037 3333 Rhetorica
1054 3259 1206 3332 dicenda
1222 3265 1322 3332 sunt.

264 3378 321 3452 Ex
337 3379 554 3453 commercio
580 3385 618 3451 et
637 3389 766 3451 mutua
791 3378 886 3450 iuter
902 3401 941 3450 se
967 3378 1139 3450 societate
1155 3383 1232 3448 tam
1250 3375 1322 3472 pri·

264 3505 357 3570 vatae
375 3520 482 3592 quam
500 3495 656 3590 politicae
674 3494 758 3568 vitae
776 3495 893 3568 officia
916 3493 1051 3568 sensim
1072 3494 1319 3566 innotuerant.

261 3613 348 3688 Jam
373 3619 611 3710 cognatorum
638 3623 674 3685 et
700 3611 874 3698 affinium,
897 3612 975 3708 jam
1001 3609 1134 3683 civium
1160 3609 1255 3681 inter
1280 3634 1320 3684 se

121 3717 124 3728 ’
263 3730 408 3804 vincula
434 3730 598 3802 omnium
622 3728 751 3802 animis
778 3729 873 3800 ultro
896 3752 935 3801 se
961 3728 1181 3814 obtulerant,
1207 3750 1319 3821 quam

261 3847 449 3922 scientiam
474 3872 512 3920 re
534 3848 644 3920 semel
662 3855 846 3920 commota
868 3869 942 3918 non
958 3844 1053 3918 tardi
1075 3867 1192 3939 neque
1214 3842 1320 3916 inviti

262 3966 447 4062 accipiunt
480 3965 656 4038 homines.
712 3963 840 4060 ltaque
870 3987 954 4036 vere
988 3972 1026 4035 et
1060 3962 1244 4056 eleganter
1274 3960 1321 4034 de

261 4082 378 4154 civilis
398 4081 480 4155 vitae
502 4082 626 4155 officiis
647 4080 845 4167 Homerus,
864 4091 1039 4172 tanquam
1066 4099 1230 4151 summus
1256 4075 1319 4148 ha-

262 4225 342 4271 rum
361 4223 481 4271 rerum
506 4199 648 4272 arbiter.
703 4199 775 4272 Sed
798 4199 875 4271 haec
899 4195 1020 4270 omnia
1040 4195 1136 4268 inter
1159 4217 1198 4266 se
1219 4217 1317 4264 conr·

262 4339 394 4409 ponere
431 4323 469 4386 et
507 4327 768 4410 praeceptorum
808 4338 939 4412 corpus
978 4313 1156 4386 conficere
1191 4333 1315 4383 recen-
