3058 4908
293 318 361 381 250
555 327 769 406 amaseam
789 327 1086 389 uncina-onum.

296 479 340 551 In
363 479 457 552 hanc
482 480 605 573 itaque
630 479 915 552 controversiam
932 477 1147 574 quarendus
1173 481 1252 548 erat
1276 474 1353 548 adi-

294 605 368 684 tus,
398 603 508 693 atque
535 597 625 669 adeo
655 597 694 668 in
721 595 860 668 medios
887 595 974 668 balli
999 619 1105 668 casus
1132 618 1172 668 se
1199 593 1354 690 proripit

296 713 420 800 Poeta,
440 724 477 786 et
502 737 547 785 ex
571 713 643 786 illis
669 712 913 788 narrationem
929 712 1067 786 hancce
1092 711 1191 785 elicit
1207 718 1247 783 et
1266 735 1352 784 con-

295 830 411 926 fingit.
460 829 504 902 In
521 827 739 924 praedatorio
756 828 828 901 isto
846 829 945 925 quod
962 839 1041 901 tum
1059 829 1251 923 gerebatur
1266 827 1353 899 belli

295 970 428 1040 genere
445 944 595 1040 Chrysa
612 945 803 1041 cujusdam
820 969 866 1017 ex
891 943 1046 1018 finitima
1071 943 1218 1040 regione
1235 967 1352 1016 sacer-

296 1061 393 1134 dotis
417 1061 493 1133 filia
510 1060 722 1134 Graecorum
747 1062 856 1134 armis
882 1070 989 1158 capta
1013 1068 1081 1147 est,
1101 1071 1138 1134 et
1163 1060 1200 1132 in
1219 1057 1353 1156 spolio-

297 1201 377 1249 rum
396 1177 650 1250 distributione
667 1176 935 1271 Agamemnoni
952 1177 1144 1272 assignata.
1190 1175 1353 1272 Supplex

299 1293 507 1367 Graecorum
525 1301 643 1367 castra
667 1295 762 1390 petit
781 1293 955 1367 Sacerdos
979 1303 1016 1366 et
1037 1292 1254 1365 redimendae
1270 1292 1354 1365 filiae

299 1435 373 1484 suae
403 1411 561 1507 pretium
593 1411 712 1510 offert,
763 1390 851 1484 Jam
878 1434 966 1484 vero
1001 1399 1125 1483 statim
1160 1433 1199 1482 se
1231 1409 1355 1506 prodit

299 1527 408 1601 nimia
425 1527 486 1600 illa
503 1529 786 1624 Agamemnonis
807 1527 1011 1601 authoritas
1033 1532 1072 1600 et
1088 1526 1257 1622 superbia
1273 1550 1355 1622 quae

299 1657 427 1741 postea
442 1651 480 1718 et
497 1645 565 1740 ipsi
585 1655 622 1720 et
641 1643 778 1718 Graecis
797 1655 873 1718 tam
890 1647 985 1718 male
1004 1668 1151 1718 cessura
1167 1655 1249 1718 est·
1285 1643 1354 1716 Re-

300 1762 456 1858 pulsam,
471 1762 609 1858 patitur
640 1761 827 1849 Sacerdos,
859 1772 896 1835 et
924 1760 1132 1858 Apollinem
1159 1759 1197 1832 in
1232 1767 1354 1857 partes

299 1901 385 1952 suas
415 1878 582 1973 precibus
607 1885 724 1951 vocat.
778 1877 951 1976 Sequitur
980 1878 1050 1950 Dei
1079 1877 1241 1950 vindicta
1269 1900 1355 1972 erga

303 1995 446 2069 Graecos
464 2006 502 2066 et
519 1996 639 2090 gravis
663 1995 890 2091 pestilentia:
919 1995 1067 2068 tandem
1083 1993 1269 2067 laborante
1293 2017 1353 2065 ex-

301 2112 415 2186 ercitu
432 2112 575 2208 piaculo
598 2123 635 2184 et
653 2111 748 2185 Vate
766 2111 964 2185 Calchante
987 2135 1080 2207 opus
1101 2117 1168 2196 est,
1186 2110 1356 2206 quidum

300 2229 521 2325 praetimore
548 2228 660 2301 haeret
685 2238 723 2302 et
746 2230 914 2325 trepidat,
934 2229 1116 2302 Achillem
1137 2227 1241 2324 quasi
1257 2227 1356 2300 festi-

301 2360 431 2419 nanter
455 2370 579 2419 eoram
605 2347 719 2419 oculis
750 2345 847 2419 sistit
872 2345 997 2433 Poeta,
1020 2345 1100 2441 jam
1124 2368 1223 2418 nunc
1247 2345 1358 2417 vehe-

301 2469 459 2536 mentem
486 2473 523 2535 et
552 2463 708 2535 ferocem
737 2463 879 2548 animis,
910 2463 974 2558 qui
1003 2462 1140 2536 scilicet
1169 2486 1215 2535 ex
1244 2463 1359 2534 altera

301 2587 403 2675 parte
420 2580 513 2652 tanti
537 2579 623 2652 mali
639 2580 763 2654 futura
785 2587 841 2652 est
864 2602 984 2652 causa.
1037 2578 1138 2652 Dum
1154 2579 1279 2675 itaque
1301 2578 1357 2650 in·

302 2702 408 2771 tonat
423 2696 680 2792 Agamemnon
693 2727 756 2768 z·-

461 2848 538 2905 'All'
552 2847 599 2916 ἴθι,
615 2849 649 2918 μὴ
663 2847 690 2917 μ’
705 2847 803 2921 ἐρέθιζε
817 2849 950 2921 σαώτερος
962 2849 997 2905 ὥς
1011 2869 1039 2902 κε
1054 2850 1152 2917 re'pm‘.

303 2965 415 3040 Haud
433 2969 586 3042 obscure
605 2992 691 3042 mox
708 2978 837 3041 contra
854 2966 1016 3040 Achilles
1028 2997 1091 3039 :-

645 3135 686 3151 -ὸ
699 3109 755 3166 οὐδ’
770 3112 801 3181 ἣν
814 3109 992 3182 Ἀγαμέμνονα
1006 3107 1079 3179 εἴπῃς

458 3202 510 3262 ‘Os
524 3210 569 3260 νῦν
581 3210 686 3262 πολλὸν
698 3208 806 3290 ὅρισῙος
820 3209 857 3263 e'vi
871 3212 976 3284 στρατῷ
990 3208 1093 3280 εὔχεται
1107 3201 1201 3262 ebat

288 3330 422 3404 ,Tanto
435 3319 534 3404 'cum
560 3333 714 3408 artificio
740 3333 902 3407 animum
925 3333 1087 3409 lectoris
1113 3358 1157 3408 eo
1182 3357 1256 3430 quo
1279 3334 1362 3406 vult

304 3450 401 3546 rapit
417 3449 541 3536 Poeta,
560 3451 670 3547 atque
696 3451 776 3524 istis
802 3452 966 3548 personis
985 3477 1065 3548 quae
1084 3450 1220 3547 primas
1238 3461 1360 3548 partes

305 3575 439 3639 acturae
466 3574 553 3639 sunt
583 3576 804 3664 occupatum
835 3569 909 3656 dat,
939 3570 1028 3642 dum
1057 3569 1203 3642 videtur
1235 3575 1361 3640 tamen

304 3682 463 3756 historiae
480 3692 517 3755 et
535 3708 655 3757 rerum
674 3685 778 3759 seriei
795 3710 942 3782 prorsus
956 3711 994 3760 se
1012 3685 1249 3772 submittere;
1274 3683 1362 3758 vitae

304 3801 479 3874 nimirum
506 3801 674 3874 humanae
708 3827 867 3890 cursum,
897 3809 1007 3901 atque
1036 3811 1235 3876 eventuum
1265 3799 1362 3875 veri-

306 3930 581 4006 similitudinem
612 3920 707 4002 κατὰ
735 3920 778 4004 rh
809 3920 906 4009 εἰκὸς
932 3923 961 4023 ἥ
984 3920 1026 4004 rb
1057 3909 1282 4025 ἀναγκαῖονε
1312 3932 1366 4005 ita

306 4050 428 4121 animo
446 4062 611 4146 paratam
628 4061 666 4123 et
690 4051 975 4147 praemeditatam
993 4050 1142 4136 habens,
1163 4059 1204 4122 ut
1221 4050 1256 4121 ei
1273 4073 1365 4145 quo-

308 4163 502 4236 dammodo
526 4163 692 4261 imperet,
710 4163 877 4237 videatur
894 4171 1019 4237 tamen
1039 4163 1152 4259 sequi.
1202 4160 1259 4234 Ex
1277 4161 1365 4234 Cal-

346 4331 529 4407 οΙΙ.Α.3ι.
637 4331 857 4411 “Ιὶ)ἰά.9ι.,
915 4332 1319 4410 ·Arusot.1³ooc.,pnsim.
