3058 4902
269 355 333 416 342
587 359 796 408 τκιιιοσοτιο
822 359 999 408 νιοιιειιιι.

268 515 365 612 poris
391 524 428 587 et
453 515 578 587 vultus
605 511 741 604 habitu,
771 511 822 584 ait
847 510 1068 607 Xenophon,
1095 533 1222 582 omnes
1248 510 1327 582 lere

268 633 445 704 virtutum
472 641 509 703 et
536 653 770 726 personarum
795 628 986 700 varietates
1012 627 1287 723 conspiciuntur
1297 635 1324 712 ⁸,

267 750 369 830 ἀλλὰ
391 746 465 850 μὴν
492 751 553 829 καὶ
578 747 622 828 τὸ
639 747 931 858 Ιμεγαλοπρεπές·
959 781 999 826 τε
1026 749 1086 826 καὶ
1110 746 1325 850 ἐλευθέριον

265 883 325 958 καὶ
344 878 388 960 τὸ
407 875 582 960 ταπεινόν
601 912 639 958 τε
662 881 722 956 καὶ
741 873 1000 980 ἀνελεύθερον,
1021 873 1143 955 καὶτὸ
1164 882 1322 982 σωφρο·

266 1005 414 1108 νητικόν
432 1043 473 1088 τε
503 1010 563 1087 καὶ
583 999 780 1113 φρόνιμον,
801 1007 862 1083 καὶ
889 1003 933 1084 τὸ
960 997 1180 1107 ὑβριστικόν
1198 1037 1238 1082 τε
1260 1006 1323 1082 καὶ

265 1131 516 1242 ἀπειρόκαλον
547 1140 608 1215 καὶ
642 1134 703 1215 διὰ
733 1143 798 1214 τοῦ
826 1132 1034 1238 προσώπου
1062 1136 1124 1212 καὶ
1157 1131 1218 1212 διὰ
1246 1141 1322 1212 τῶν

266 1265 483 1370 σχημάτων,
504 1269 564 1345 καὶ
591 1264 764 1346 ἑστώτων
790 1266 850 1343 καὶ
876 1255 1099 1363 κινουμένων
1117 1260 1322 1366 ἀνθρώπων

265 1397 460 1502 διαφαίνει,
481 1429 598 1500 neque
622 1403 727 1476 aliter
744 1427 865 1476 mores
889 1401 1067 1488 humanos
1089 1407 1233 1497 (utpote
1256 1404 1321 1498 qui

263 1523 333 1617 ipsi
367 1522 487 1593 visum
522 1520 671 1592 omnino
713 1519 906 1615 effugiunt)
943 1519 1157 1591 adumbrare
1197 1529 1321 1614 potest

263 1641 379 1735 piotor
396 1649 458 1710 aut
475 1641 638 1735 sculptor
657 1639 725 1710 uisi
748 1663 793 1710 ex
811 1639 909 1710 hisee
932 1637 1090 1710 externis
1113 1637 1151 1709 in
1170 1660 1321 1732 corpore

264 1757 404 1830 indiciis
422 1756 511 1829 scite
534 1755 718 1842 adhibitis,
738 1779 894 1850 quorum
911 1765 1033 1827 tamen
1057 1778 1167 1851 opera
1188 1753 1320 1825 intelli·

262 1874 383 1967 gimus
413 1885 450 1946 et
480 1873 665 1946 miramur.
720 1871 855 1944 Eadem
887 1870 989 1966 signa
1018 1895 1085 1944 sua
1117 1869 1321 1943 imitatione

263 1990 463 2084 exprimere
497 2001 620 2087 potest
654 1989 778 2062 Poeta.
835 1989 914 2061 Hoc
949 1987 1101 2061 artifieio
1137 1988 1321 2084 praecipue

263 2115 402 2178 moratu
419 2108 461 2178 fit
478 2107 638 2180 Terentii
664 2106 702 2178 in
720 2105 860 2178 Andria
884 2129 951 2179 suo
971 2103 1215 2202 pulcherrima
1236 2130 1319 2176 nar-

262 2223 365 2294 rntio.
418 2222 502 2295 Hoc
532 2225 594 2296 illa
624 2249 734 2320 quum
761 2249 807 2296 ex
837 2222 1000 2318 ejusdem
1026 2223 1202 2319 Adelphis
1232 2223 1320 2296 citat

264 2339 390 2412 Cicero
404 2370 464 2412 :-

353 2491 374 2520 “
384 2487 479 2547 Venit
492 2485 530 2546 od
543 2506 591 2546 me
604 2506 682 2566 saepe
695 2486 862 2546 clamitans.
908 2487 988 2562 Quid
1003 2487 1068 2566 egis
1082 2486 1199 2548 Micio?

389 2583 452 2644 Cur
465 2583 565 2663 perdis
577 2582 798 2644 adolescentem
812 2583 920 2646 nobisb
932 2583 967 2645 ?'’

263 2713 503 2787 Vehementia
529 2713 590 2786 illa
618 2721 656 2786 et
685 2716 822 2788 clamor
848 2714 951 2810 signa
980 2721 1067 2799 sunt
1096 2715 1208 2788 animi
1237 2740 1318 2812 per-

262 2832 410 2905 turbati.
463 2830 543 2905 Neo
567 2857 654 2905 vero
674 2833 780 2906 nobis
804 2831 1009 2907 Homerum
1036 2832 1199 2908 deserere
1223 2857 1319 2930 opus

263 2960 330 3021 est.
383 2949 652 3044 Agamemnoni
681 2951 887 3045 assignatur
913 2951 952 3023 io
976 2951 1084 3024 vultu
1111 2961 1148 3024 et
1172 2951 1211 3024 in
1235 2957 1318 3024 toto

264 3103 413 3173 corpore
429 3067 474 3149 τὸ
492 3064 777 3173 μεγαλοπρεπές
790 3111 849 3152 :-

415 3229 538 3300 ΙὈμμστο
551 3233 593 3285 καὶ
608 3232 726 3303 κεφαλὴν
739 3231 825 3290 ἴκελος
840 3228 886 3288 Διΐ
895 3233 1085 3308 τερπικεραύνῳ

419 3325 495 3399 'Aper
510 3329 539 3383 δὲ
553 3330 642 3397 ζώνην,
657 3328 766 3400 στέρνον
778 3331 806 3384 dd
821 3331 984 3386 Ποσειδάωνι
993 3334 1014 3384 ⁸.

264 3473 405 3543 Rursus
424 3473 460 3543 in
478 3469 534 3544 3²¹⁰
551 3473 641 3546 libro
661 3481 765 3570 gestu
783 3485 820 3548 et
847 3481 987 3549 statura
1003 3474 1164 3572 eorporis
1181 3473 1315 3571 regiam

263 3589 489 3684 majestatem
508 3614 580 3684 pree
598 3614 636 3662 se
653 3593 723 3664 lert
737 3624 799 3663 :—

421 3743 508 3795 Καλὸν
522 3741 544 3796 δ’
559 3740 627 3797 οὕτω
641 3744 708 3816 ἐγὼν
720 3747 792 3799 οὕτω
805 3744 862 3800 ἴδον
874 3744 1064 3816 ὀφθαλμοῖσιν,

420 3836 483 3892 Οὐδ’
497 3836 564 3892 οὕτω
577 3843 703 3912 γεραρόν·
724 3843 841 3912 βασιλῆῖ
851 3844 903 3914 γὰρ
917 3842 990 3914 ἂνδρὶ
1004 3844 1070 3896 ἔοικε
1079 3835 1101 3896 ⁴¹.

263 3964 364 4036 Idem
383 3967 503 4062 agitu'r
520 3967 633 4062 magis
650 3969 789 4064 prolixe
806 3976 844 4043 et
861 3995 1013 4068 operose
1030 3969 1067 4043 in
1085 3972 1170 4042 11ιιὶο
1183 3969 1315 4042 Iliudos

263 4083 366 4155 libro.
412 4082 612 4156 Armatura
634 4085 775 4174 lleroiS,
789 4084 814 4158 J
818 4088 948 4160 unonis
965 4093 1003 4160 et
1020 4085 1196 4159 Minervae
1212 4087 1316 4182 plau·

302 4317 312 4338 ·
332 4301 409 4362 Xon.
425 4303 525 4375 Mem,
540 4303 561 4362 l.
577 4305 619 4364 iii.
634 4327 658 4366 o.
679 4327 721 4365 ιο.
880 4310 892 4344 ¹³
914 4309 958 4367 De
972 4309 1101 4375 Inueni„
1113 4307 1133 4366 l.
1149 4305 1170 4366 i.
1184 4325 1211 4366 ο.
1230 4325 1273 4384 ¹9·

384 4390 394 4412 ‘
414 4381 458 4436 ΙΙ.
476 4395 504 4445 Β.
519 4403 589 4458 479.
959 4387 970 4419 '¹
991 4389 1070 4448 lbid.
1087 4399 1114 4448 r.
1132 4388 1197 4464 169.
