3094 4898
291 239 355 302 142
477 215 481 226 '
622 218 1005 294 rnaerrcrro'ocrnrr.

219 456 230 462 -
337 398 557 494 Argumenti
574 396 685 493 igitur
701 394 817 468 nostri
834 394 933 468 hunc
945 395 1055 468 finem
1067 419 1148 469 esse
1161 397 1284 488 velim,
1298 405 1342 472 ut

150 513 160 532 '
287 513 374 588 satis
407 519 506 588 tuto'
521 513 775 587 affirmandum
806 510 957 585 sitnon
989 513 1146 586 defuisse
1176 513 1342 590 Heroioee

286 631 403 706 aetotis
434 621 571 704 Graecis
601 637 812 704 caeterarum
838 627 973 702 artium
998 629 1103 703 initia
1115 662 1125 718 ;
1160 655 1341 728 propenso

286 750 397 822 etiam
414 750 454 821 in
469 748 549 822 illas
567 747 646 844 jam
669 753 751 820 tum
773 746 885 820 fuisse
908 745 1030 820 animo
1057 757 1094 820 et
1117 753 1269 836 arrecto,
1289 749 1342 820 ito

286 875 329 938 ut
359 867 444 939 hinc
478 865 628 939 demum
660 864 819 962 petenda
852 889 931 938 esse
960 863 1045 938 vitae
1075 864 1342 939 oblectamento

286 988 324 1054 et
347 1007 492 1056 morum
509 981 723 1079 elegantiam
741 983 1025 1069 arbitrarentur3
1054 981 1206 1056 sortasse
1228 982 1341 1055 etiam

286 1099 460 1196 majorem
477 1124 601 1174 earum
618 1106 657 1172 et
673 1099 850 1173 veriorem
867 1123 978 1172 usum
994 1099 1176 1196 complexi
1193 1104 1282 1174 sunt
1302 1105 1341 1171 et

286 1240 347 1289 eas
368 1215 547 1290 advitam
570 1215 833 1289 instituendam
855 1221 892 1288 et
914 1216 961 1288 ad
983 1215 1230 1313 aegrimoniom
1252 1216 1339 1290 sub·

286 1333 477 1406 levandam
494 1331 664 1405 adhibere
681 1337 883 1426 coeperunt.

338 1449 521 1523 “Nobilis
547 1454 591 1522 ut
612 1448 740 1544 grandi
764 1447 894 1522 cecinit
919 1446 1128 1521 Centaurus
1145 1449 1336 1521 alumno.”

283 1566 430 1638 Etenim
447 1566 629 1639 Achillem
646 1572 684 1640 et
700 1573 849 1640 caeteros
867 1565 1105 1640 Heroioonrm
1130 1576 1339 1663 temporum

284 1681 466 1779 principes
491 1707 568 1755 rem
593 1681 776 1757 Musioam
799 1707 822 1754 a
844 1689 1066 1780 praeceptore
1088 1708 1156 1757 suo
1179 1683 1339 1756 Chirone

284 1798 452 1871 didicisse
482 1799 579 1872 lamo
607 1805 674 1894 est,
702 1824 769 1872 nec
799 1800 846 1873 ab
876 1800 945 1872 hoc
974 1797 1155 1872 sententio
1183 1798 1338 1872 Homeri

282 1915 539 1989 testimonium·
551 1916 702 2003 obludit,
720 1917 825 2012 cujus
842 1916 988 2013 quidem
1009 1914 1171 1989 Achilles
1194 1916 1337 1994 cithara

283 2056 361 2104 sese
388 2029 646 2107 oblectabatur.
701 2032 796 2117 Quae
818 2040 917 2110 certe
940 2033 1063 2107 omnia
1085 2033 1224 2106 sivero
1247 2032 1335 2122 sint,

283 2149 448 2244 quaedom
478 2173 523 2222 ex
552 2149 623 2223 hoc
648 2150 759 2224 etiam
784 2162 886 2248 purte
913 2151 1077 2225 Homero
1103 2149 1264 2224 subsidio
1289 2151 1338 2224 ad

282 2290 433 2339 manum
451 2267 561 2340 fuisse
579 2268 748 2341 credibile
765 2275 832 2354 est,
849 2293 893 2342 ea
909 2269 990 2342 dico
1008 2293 1088 2366 quae
1110 2293 1156 2341 ex
1177 2266 1337 2342 liberalis

282 2381 482 2481 disciplinae
499 2385 628 2458 notitia
648 2391 685 2458 et
707 2386 1012 2482 contemplatione
1035 2385 1213 2472 oriuntur,
1232 2393 1269 2457 et
1292 2391 1349 2458 eo'

282 2498 392 2572 etiam
409 2525 489 2598 quae
506 2525 551 2574 ex
569 2500 652 2576 vitae
669 2509 767 2576 statu
785 2501 884 2577 hisce
901 2503 1039 2578 artibus
1057 2504 1213 2576 exculto.
