3096 4886
270 279 312 342 ⁷2
598 313 810 362 rfflrrcrro
831 313 984 374 onrnrn.

267 444 327 540 pia
343 444 404 517 illa
425 450 463 517 et
484 443 674 516 inhonesta
694 467 847 516 munera
866 467 947 540 quae
974 444 1110 516 summi
1132 443 1203 518 viri
1226 444 1327 520 obire

268 585 343 633 non
369 558 670 656 dedignabantur,
689 569 733 630 ut
758 558 827 654 ipsi
851 559 987 630 scilicet
1012 559 1202 634 victimam
1227 585 1326 634 mac-

268 683 360 764 tent,
378 677 448 774 ipsi
472 677 597 772 epulas
621 674 813 762 instruant,
834 686 871 747 et
893 681 1022 748 caetera
1045 684 1220 772 peragant
1245 702 1326 774 quae

268 795 402 866 infimae
425 793 541 889 plebis
567 797 665 878 sunt,
683 796 727 863 ut
752 791 906 887 denique
930 791 1010 888 ipsa
1035 791 1098 865 illa
1120 793 1326 868 “Hectoris

268 909 546 982 Andromache”
563 907 666 1005 equis
683 908 859 1003 pabulum
876 915 1036 1004 apponat
1045 913 1072 982 ¹².

320 1026 409 1098 Haec
426 1024 537 1120 igitur
553 1022 732 1097 sufficiant
749 1048 829 1119 quaa
845 1024 972 1126 populi
996 1025 1157 1098 indolem
1180 1035 1218 1099 et
1239 1025 1324 1098 vitae

268 1143 435 1215 habitum
461 1141 671 1236 designent;
708 1144 839 1212 caetera
863 1164 929 1235 pro
955 1165 994 1213 se
1024 1141 1178 1237 quisque
1207 1166 1325 1238 neque

267 1257 466 1355 injucunda
490 1280 608 1352 neque
631 1255 858 1328 infructuoso
881 1256 1003 1330 labore
1023 1267 1138 1345 eruet,
1157 1281 1203 1329 ex
1225 1258 1324 1332 hisce

223 1447 229 1458 ,
267 1381 392 1449 autem
415 1375 524 1447 simul
547 1373 705 1468 sumptis
723 1373 802 1467 jam
828 1371 918 1443 illud
944 1372 1137 1446 satistuto
1157 1373 1324 1470 colligere

268 1492 405 1577 videor,
438 1513 554 1586 neque
581 1488 728 1583 privatae
759 1486 843 1560 vitae
873 1488 991 1561 officia
1019 1489 1064 1562 iis
1097 1491 1323 1585 temporibus

269 1612 393 1704 ignota
423 1609 544 1694 fuisse,
571 1630 689 1702 neque
715 1606 867 1678 affectus
893 1605 954 1702 qui
982 1629 1027 1678 ex
1054 1606 1126 1679 illis
1155 1606 1324 1680 oriuntur

267 1725 450 1810 incultos;
478 1731 560 1794 tum
593 1727 717 1794 autem
750 1743 792 1793 en
826 1743 907 1816 quac
934 1721 1019 1793 vitae
1048 1721 1323 1797 necessitatibus

268 1838 470 1913 inserviunt
490 1836 636 1933 penitus
658 1835 822 1908 hausisse
841 1835 996 1924 Graecos,
1016 1861 1097 1933 qnae
1120 1839 1323 1912 commodis

269 1957 390 2029 minus
430 1959 610 2041 accurate,
646 1976 726 2049 quae
759 1977 847 2026 vero
880 1953 1033 2026 luxuriae
1065 1963 1104 2026 et
1136 1955 1324 2051 elegantiae

269 2079 357 2146 sunt
373 2096 479 2169 parce
505 2079 569 2142 aut
593 2068 654 2141 vix
681 2069 831 2140 omnino
856 2067 1033 2162 attigisse,
1051 2092 1097 2140 ex
1118 2069 1219 2141 omni
1236 2089 1323 2142 vero

270 2195 371 2284 parte
397 2187 443 2260 ad
468 2187 660 2259 cultiorem
685 2183 798 2256 vitam
822 2183 1035 2255 festinanter
1051 2183 1322 2279 progredientes

269 2325 455 2397 agnoscas.
509 2299 606 2371 Illud
623 2297 733 2371 etiam
750 2297 1109 2372 animadvertendum
1126 2305 1183 2371 est
1199 2323 1323 2372 recen-

267 2419 405 2492 tiorum
417 2415 626 2488 Graecorum
644 2439 761 2488 mores
778 2413 910 2511 partim
927 2415 1072 2488 eosdem
1089 2439 1179 2503 esse,
1190 2415 1323 2513 partim

269 2560 315 2608 ex
340 2535 469 2608 iisdem
493 2531 679 2630 principiis
704 2554 902 2605 emanasse.
954 2531 998 2604 ln
1024 2531 1103 2628 ipsa
1127 2533 1190 2605 illa
1207 2533 1323 2607 Athe-

270 2677 401 2726 narum
430 2648 543 2746 gloria
570 2647 769 2744 Religionis
802 2649 895 2720 ritus
922 2655 960 2721 et
987 2646 1162 2721 sacrificia
1194 2647 1323 2722 iisdem

269 2767 481 2844 ceremoniis
515 2771 749 2863 peraguntur,
776 2764 905 2836 eodem
935 2765 1008 2836 fere
1042 2770 1229 2861 apparatu,
1260 2767 1323 2839 sed

269 2887 422 2961 cultiore
439 2883 595 2981 quidem,
614 2881 822 2955 convivium
839 2879 1042 2968 instruitur,
1057 2881 1186 2954 iisdem
1203 2883 1323 2956 oblec-

269 3002 442 3078 tamentis
459 3008 620 3085 ornatur,
639 3023 756 3094 neque
769 2999 847 3094 jam
865 3007 944 3070 tum
967 2998 1110 3093 publice
1133 2997 1324 3072 hominum

145 3134 150 3143 '
268 3116 451 3214 colloquio
475 3124 513 3187 et
538 3115 721 3187 consortio
755 3111 967 3186 fruebantur
992 3113 1171 3189 mulieres.
1224 3115 1324 3192 Quin

269 3235 362 3307 etin
387 3233 457 3304 illis
483 3231 528 3303 ab
546 3229 688 3302 Achille
713 3228 890 3304 institutis
915 3230 1174 3306 certaminibus
1192 3231 1324 3329 Olym-

269 3350 435 3449 picorum
469 3347 641 3419 ludorum
673 3343 777 3418 initia
810 3348 917 3443 plane
956 3371 1141 3444 agnoscas.
1195 3347 1323 3446 Neque

269 3465 442 3561 antiquus
467 3462 604 3536 funeris
626 3463 830 3536 celebrandi
855 3487 936 3537 mos
961 3465 1007 3538 ab
1030 3464 1093 3538 illo
1110 3461 1172 3563 qui
1197 3475 1325 3562 postea

268 3583 424 3656 invaluit
456 3582 615 3653 multum
648 3578 800 3652 abludit.
852 3579 907 3653 Eo
939 3579 1061 3677 itaque
1094 3580 1227 3655 iterum
1260 3583 1323 3656 de·

269 3699 449 3786 venimus,
480 3697 574 3770 hanc
607 3719 686 3769 esse
719 3701 860 3769 aetatem
895 3721 938 3768 ex
966 3721 1038 3793 qua
1071 3707 1148 3771 tam
1174 3699 1324 3795 privatae

270 3841 381 3912 qnam
414 3815 568 3912 publicae
603 3811 816 3886 Graecorum
849 3812 1009 3886 historiae
1048 3821 1146 3887 recte
1178 3814 1324 3889 initium

270 3955 405 4017 sumas,
425 3955 490 4004 seu
508 3954 608 4002 more
625 3927 875 4025 philosophico
893 3928 931 4000 in
948 3928 1109 4004 moribus
1131 3930 1324 4010 hominum

270 4047 436 4120 eruendis
464 4051 501 4118 et
530 4044 789 4140 investigandis
824 4045 958 4118 versari
991 4046 1095 4136 velis,
1125 4071 1190 4120 seu
1225 4049 1324 4144 quod

310 4233 409 4296 Wid.
426 4233 544 4304 Herod,
559 4232 611 4294 lib.
634 4233 694 4293 viii.
716 4254 741 4294 c.
760 4255 824 4309 137:
846 4235 877 4295 in
898 4253 958 4314 quo
978 4235 1099 4314 quidem
1118 4207 1185 4298 loco
1204 4235 1324 4316 insigne

269 4316 361 4377 habes
375 4315 442 4376 nitra
457 4313 595 4374 Heroicao
608 4311 785 4402 exemplum.
