3094 4898
549 327 759 376 enarrarre
785 327 933 376 ocrim.
1204 315 1266 380 129

159 523 162 531 ι
213 477 498 575 compingerent.
551 477 679 574 Itaque
713 476 920 550 Aristotelis
959 476 1029 549 Ars
1071 475 1265 550 Rhetorica

214 595 365 668 eandem
392 595 438 666 ad
464 595 710 690 eloquentiam
736 595 912 666 rationem
940 593 1060 680 habet,
1087 617 1195 690 quam
1223 595 1269 666 ad

155 735 159 740 ·
214 711 345 784 Poesin
371 711 442 784 Ars
467 710 621 799 Critica;
658 713 808 784 eandem
832 712 878 784 ad
900 709 1170 798 Demosthenis,
1190 709 1269 807 Hy·

131 841 135 850 ‘
215 831 361 926 peridis,
388 835 426 902 et
451 829 602 902 Periclis
629 829 808 901 orationes
835 853 945 924 quam
971 828 1134 924 ejusdem
1161 830 1205 900 de
1231 853 1269 902 re

217 945 363 1019 Poetica
380 947 523 1019 libellus
541 946 587 1018 ad
606 945 771 1032 Homeri,
800 943 1003 1042 SophocliS,
1028 954 1064 1017 et
1088 944 1270 1041 Euripidis

216 1087 323 1160 opera
338 1095 347 1150 ;
374 1063 454 1159 ipse
471 1069 566 1136 certe
584 1063 792 1160 eloquentia
809 1064 916 1158 longe
934 1062 1121 1150 recentior,
1137 1062 1271 1160 quippe

217 1205 298 1277 quae
324 1179 492 1253 nonnisi
518 1204 563 1260 ex
590 1203 632 1251 ea
657 1179 802 1275 plenam
825 1179 902 1273 jam
927 1178 983 1250 sui
1006 1179 1159 1251 sormam
1185 1205 1269 1252 con·

216 1303 353 1382 secuta,
371 1307 408 1370 et
426 1296 500 1368 suis
519 1295 677 1367 numeris
698 1295 865 1367 absolute
886 1295 1112 1391 profluxerit.
1166 1295 1270 1368 Nihil

216 1413 329 1510 igitur
345 1415 467 1486 obstat
488 1438 560 1508 quo
585 1411 705 1485 minus
729 1411 871 1486 dicendi
892 1411 1045 1487 facultas
1069 1434 1114 1484 ex
1138 1436 1208 1484 usu
1233 1420 1271 1485 et

219 1531 474 1605 exercitatione
491 1531 599 1614 etiam
625 1529 831 1603 Homericis
856 1529 1080 1624 temporibus
1104 1525 1270 1603 habitum

220 1649 400 1746 quendam
433 1657 471 1720 et
501 1649 639 1720 cultum
671 1656 835 1719 assecuta
861 1647 918 1718 sit.
972 1644 1053 1719 Nec
1079 1671 1166 1719 vero
1192 1672 1272 1720 eam

220 1766 320 1838 litem
347 1789 477 1837 moveo
507 1771 629 1837 utrum
662 1765 708 1835 ab
739 1764 943 1836 oratoribus
972 1763 1076 1836 initio
1106 1763 1270 1838 civitates

219 1883 429 1956 constitutae
447 1881 532 1968 sint,
552 1889 588 1952 et
605 1879 770 1953 homines
787 1880 832 1952 ab
851 1880 985 1975 agresti
1001 1881 1078 1953 vita
1100 1880 1139 1954 in
1157 1907 1273 1954 unum

220 1998 357 2086 coacti;
385 1999 475 2071 illud
493 2005 616 2070 tamen
633 2005 768 2083 statuo,
788 1996 903 2071 civilis
920 1996 1005 2070 vitae
1028 1999 1174 2098 negotia
1196 2001 1274 2072 sine

219 2117 289 2190 hac
313 2117 485 2190 facultate
502 2115 656 2188 exerceri
680 2139 755 2187 non
780 2138 896 2211 posse,
918 2140 990 2210 quo
1008 2121 1132 2188 autem
1159 2116 1272 2212 magis

197 2236 375 2309 adaucta
401 2233 474 2306 sint
500 2239 538 2304 et
563 2233 656 2305 inter
679 2255 717 2304 se
739 2231 915 2328 implicita
938 2256 981 2304 eo
1004 2231 1178 2328 majorem
1200 2236 1274 2307 elo·

136 2377 141 2382 ·
222 2351 378 2447 quentiae
396 2351 517 2422 locum
536 2350 637 2437 dari;
665 2350 762 2422 unde
780 2349 948 2423 credibile
969 2361 1026 2422 est
1049 2350 1173 2424 statim
1200 2351 1273 2424 lle-

221 2467 324 2540 roicae
337 2467 455 2539 aetatis
470 2465 628 2572 (lraecoS,
643 2467 774 2563 quibus
792 2466 829 2538 in
845 2468 946 2539 omni
958 2467 1033 2539 vita
1051 2478 1128 2539 tam
1145 2470 1274 2541 ardens

222 2591 298 2657 erat
316 2591 353 2656 et
370 2583 509 2680 inquies
529 2584 688 2680 spiritus,
709 2584 802 2656 hanc
820 2584 931 2657 etiarn
953 2584 1098 2656 laudem
1121 2609 1195 2658 non
1219 2585 1273 2657 in-

220 2705 355 2773 tactam
369 2701 565 2804 reliquisse.
610 2700 700 2773 Erat
713 2706 835 2803 autem
854 2699 1008 2772 Senatus
1023 2701 1060 2772 in
1079 2726 1151 2796 quo
1167 2702 1276 2774 libere

221 2817 321 2914 loqui
334 2841 546 2890 concessum
565 2825 637 2906 est;
661 2829 762 2890 erant
776 2818 886 2890 etiam
899 2817 1100 2914 principum
1112 2818 1273 2891 virorum

222 2934 402 3008 acerrimae
419 2935 703 3008 concertationes
717 2968 725 3024 ;
753 2959 870 3031 neque
887 2933 1078 3030 imperium
1092 2936 1185 3031 regis
1199 2935 1276 3009 sine

222 3053 290 3125 hac
314 3051 486 3125 facultate
508 3059 591 3124 tuto
615 3050 818 3125 conservari
842 3051 976 3146 potuit.
1031 3051 1159 3150 ltaque
1182 3053 1276 3126 inter

222 3193 394 3265 personas
412 3168 624 3241 Homericas
642 3179 678 3240 et
695 3166 832 3239 Nestor
849 3177 884 3240 et
903 3165 1054 3264 Ulysses
1071 3169 1277 3267 eloquentia

137 3297 140 3302 '
177 3383 183 3386 -
223 3285 437 3382 spectabiles
472 3294 568 3372 sunt,
597 3285 687 3356 alter
721 3285 813 3355 mira
842 3283 983 3356 dicendi
1014 3287 1191 3361 suavitate
1220 3288 1275 3361 in-

223 3402 349 3497 signis
377 3403 468 3474 alter
500 3401 615 3497 magis
646 3401 861 3495 composita,
889 3410 1061 3498 prompta
1089 3411 1209 3477 tamen
1240 3415 1278 3476 et

224 3519 341 3605 celeri,
360 3519 532 3614 loquendi
549 3519 689 3591 ratione
703 3513 714 3553 r
728 3549 790 3589 2-

696 3665 767 3718 τοῖσι
781 3664 808 3718 δὲ
823 3664 936 3732 Νέστωρ

380 3759 512 3829 ‘flavente
526 3760 663 3832 ἀνόρουσε,
677 3761 754 3832 λιγὺς
768 3761 874 3814 Πυλίων
887 3760 1023 3832 ἀγορητὴς,
1090 3814 1101 3828 ‚

383 3859 436 3910 Τοῦ
450 3859 492 3910 xci
505 3857 557 3912 ἀπὸ
570 3857 698 3928 γλώσσης
711 3857 817 3926 μέλιτος
830 3855 943 3926 γλυκίων
956 3853 1015 3926 ῥέεν
1027 3851 1101 3921 αὐδή.

223 3979 303 4053 Nec
329 3988 474 4054 tantum
498 3982 749 4055 oblectationis
775 3981 890 4078 gratia
917 3982 1010 4055 hanc
1036 3987 1150 4053 artem
1178 4005 1278 4054 exer·

225 4098 358 4170 cebant
388 4099 451 4171 scd
483 4105 525 4171 ut
555 4100 706 4172 affectus
737 4123 884 4172 suorum
917 4104 1161 4171 tumescentes
1191 4099 1277 4171 deli-

225 4215 357 4300 nirent,
373 4221 410 4286 et
428 4216 568 4288 animos
586 4217 842 4289 demulcerent.
896 4217 1019 4311 Atque
1039 4215 1114 4288 haec
1133 4216 1278 4311 quidem

653 4353 663 4392 ¹
683 4353 727 4413 Il.
744 4369 775 4414 A.
793 4373 858 4432 ²47·
