3094 4898
580 319 792 370 rnaanorro
812 323 921 371 uonna.
1214 317 1277 380 157

219 467 384 540 nationes
418 467 515 540 fama
549 469 592 542 de
626 469 683 544 his
717 471 824 544 rebus
859 470 976 546 delata
1007 473 1136 548 fuerat.
1188 476 1277 550 Non

219 584 389 680 AEgaeum
434 591 543 674 certe,
589 611 664 659 non
707 586 1017 672 Mediterraneum
1062 615 1174 680 mare,
1213 594 1277 666 sed

221 700 412 775 Oceanum
425 707 548 775 totum
562 704 686 777 orbem
699 715 876 778 terrarum
891 707 1113 780 ambientem
1130 709 1277 806 respicit

220 815 454 916 magnificum
472 818 640 893 illud:—-
763 897 769 906 ,

380 969 445 1028 οὐδὲ
458 969 632 1045 βοθυρῤείτοο
645 972 713 1045 μέγα
727 972 821 1032 σθένος
835 971 978 1035 Ὠκεανοῖο.

378 1067 426 1136 Ἐξ
440 1066 471 1122 οὗ
484 1088 533 1139 περ
546 1069 638 1126 πάντες
653 1070 763 1138 ποταμοὶ
777 1068 819 1123 καὶ
831 1071 906 1124 πᾶσα
920 1069 1055 1134 θάλασσα,

378 1167 525 1222 Keladone
538 1167 636 1237 κρῆναι,
653 1165 694 1220 nul
708 1165 821 1238 φρείατα
833 1166 918 1238 μακρὰ
933 1168 1040 1222 νάουσιν
1048 1171 1074 1222 ¹²².
1152 1227 1156 1236 .

219 1336 337 1409 neque
364 1289 477 1388 alium
506 1311 697 1386 Oceanum
731 1310 768 1384 in
803 1311 957 1386 Achillis
992 1323 1096 1388 scuto
1131 1313 1276 1410 depingi

219 1415 412 1486 voluit:—

377 1539 424 1598 Ἐν
438 1539 462 1596 δ’
478 1539 557 1596 ἐτίθει
569 1541 696 1610 ποταμοῖο
709 1541 776 1612 μίγα
781 1539 879 1596 ’σθένος
888 1537 1021 1595 Ὠκεανοῖο

373 1635 490 1710 'Amyn
502 1637 556 1709 πὰρ
568 1637 688 1706 πυμάτην
701 1636 795 1694 σάκεος
807 1632 876 1690 πύκα
888 1637 1006 1704 ποιητοῖο
1014 1640 1038 1690 ¹².

220 1797 288 1846 nec
315 1797 402 1846 vero
428 1773 549 1846 Poetae
575 1771 691 1869 ipsius
717 1774 909 1869 perspicua
938 1783 994 1847 est
1020 1783 1058 1847 et
1088 1775 1275 1848 intellectu

219 1885 333 1960 facilis
360 1887 398 1959 in
428 1887 497 1961 hac
521 1911 559 1960 re
586 1888 778 1975 sententia,
807 1911 925 1984 neque
951 1911 1060 1984 quem
1084 1887 1275 1963 Oceanum
1338 1961 1344 1968 .

219 2003 391 2102 Ulyssem
422 2029 531 2078 suum
565 2028 757 2102 peragrare
786 2005 914 2079 voluit.
966 2004 1190 2079 Crediderim
1219 2005 1275 2078 in-

218 2127 338 2196 certos
372 2145 523 2195 suorum
557 2129 764 2218 temporum
798 2145 962 2196 rumores
996 2122 1204 2219 arripuisse,
1237 2131 1275 2197 et

217 2236 317 2331 apud
355 2234 497 2310 Oceani
529 2236 620 2308 fines
657 2241 833 2332 tanquam
872 2259 1003 2332 parum
1037 2237 1203 2332 cognitos
1238 2246 1276 2312 et

220 2365 339 2440 dubiae
355 2365 461 2439 lamae
479 2367 619 2440 solenni
643 2365 703 2439 isti
722 2364 839 2462 operis
866 2365 923 2438 sui
939 2365 1034 2463 parti.
1051 2391 1131 2463 quae
1150 2393 1274 2438 νεκυο-

218 2487 374 2586 Ᾰιοντεία
387 2503 536 2569 vocatur
549 2494 672 2568 sedem
686 2494 902 2589 quaesivisse.
932 2492 1029 2567 Cum
1042 2499 1165 2567 autem
1179 2497 1275 2568 ultra

221 2611 365 2686 Italiam
382 2611 443 2685 vix
461 2610 657 2708 quicquam
674 2613 772 2684 sama
791 2617 1006 2708 acceperant
1026 2613 1211 2708 extemplo
1228 2613 1274 2685 ab

219 2725 357 2801 illaad
384 2734 586 2801 extremum
604 2725 794 2802 Oceanum
821 2726 1018 2800 transitum
1046 2734 1103 2801 est
1115 2735 1140 2800 ⁰.
1192 2727 1274 2802 Pari

219 2845 299 2941 lege
323 2844 362 2918 in
389 2843 535 2919 Oceano
556 2845 764 2918 fabulosum
783 2843 948 2940 Elysium
974 2842 1116 2940 ponitl.
1172 2844 1274 2928 Quin

219 2969 258 3036 et
286 2962 486 3059 AEthiopas
516 2961 677 3036 Deorum
713 2961 877 3060 hospites
908 2961 1054 3035 Oceano
1087 2963 1274 3058 proximos

219 3105 298 3155 esse
315 3083 367 3156 ait
382 3111 444 3154 :-

376 3209 438 3267 aete
451 3210 502 3282 γᾶρ
516 3205 557 3264 ἔπ’
571 3208 694 3265 Ὠκεανὸν
706 3208 762 3280 μετ’
777 3207 908 3280 ἆμῦμοναο
921 3207 1063 3279 Δῐθιοπῆοο

377 3307 471 3375 Χθιζὸς
484 3307 533 3376 ἔβη
547 3308 611 3374 μετὰ
625 3308 699 3363 δαῖτα
707 3309 729 3360 ⁹.
807 3366 813 3375 ,

218 3429 304 3506 Ηοο
319 3429 431 3528 igitur
447 3431 642 3528 confugere
659 3433 752 3505 solet
764 3430 877 3505 Poeta
894 3441 1069 3529 tanquam
1086 3431 1131 3506 ad
1149 3432 1271 3506 locum

216 3546 260 3621 iis
300 3548 480 3645 portentis
514 3558 637 3646 aptum
670 3573 750 3645 quae
783 3549 936 3646 propius
970 3549 1163 3622 admovere
1198 3571 1273 3621 non

217 3689 328 3739 ausus
346 3677 412 3740 est.
465 3664 557 3738 Haec
573 3666 663 3740 adeo
681 3673 719 3740 et
744 3665 849 3764 siqua
873 3663 948 3738 sint
974 3652 1044 3739 alia
1061 3664 1127 3776 lris⁸
1142 3663 1274 3737 similia

217 3805 298 3880 quae
315 3783 429 3856 totius
447 3790 551 3856 terrae
578 3792 615 3855 et
640 3783 750 3857 maris
776 3788 935 3880 systema
960 3786 1128 3878 spectant
1144 3804 1189 3872 ex
1215 3780 1272 3853 in-

216 3899 326 3973 certis
343 3899 549 3973 rumoribus
566 3899 612 3972 ad
630 3899 778 3974 Graecos
796 3904 1047 3997 pervenerant.
1080 3896 1272 3993 Nusquam

215 4017 314 4090 enim
339 4023 474 4092 temere
500 4019 546 4091 de
571 4017 641 4091 illis
668 4019 775 4092 rebus
801 4014 963 4114 loquitur
978 4014 1093 4089 Poeta
1118 4039 1271 4113 quarum

256 4189 279 4220 ¹¹¹
300 4181 345 4240 11.
361 4195 392 4241 Φ.
413 4200 476 4260 ¹95·
803 4191 816 4232 r
841 4179 939 4260 Odyrr.
957 4192 989 4238 Δ.
1007 4179 1072 4257 563.

257 4269 269 4293 ¹²
292 4261 367 4320 lbid.
384 4273 411 4320 Σ.
428 4263 495 4320 606.
804 4271 817 4312 a
838 4260 884 4320 Il.
900 4273 930 4320 A.
945 4278 1015 4335 4²3·

257 4349 270 4379 ⁰
290 4339 361 4400 Vid.
381 4341 481 4420 Odyaa.
499 4357 528 4402 Δ.
548 4359 592 4415 13,
608 4355 639 4400 M.
660 4362 683 4398 r.
