3058 4902
300 298 365 361 350
552 302 767 352 rauracrro
796 301 1105 351 arcemur-rmus.

301 456 580 530 arbitrabantur.
627 449 737 534 Quod
755 452 786 524 si
802 450 881 524 aliae
898 451 1008 524 etiarn
1026 457 1152 548 gentes
1170 451 1208 522 in
1226 449 1358 523 iisdem

301 581 445 645 tantum
477 568 661 642 inveniant
687 570 785 664 quod
815 567 872 640 sui
899 567 1053 654 intersit,
1080 578 1177 640 certe
1194 566 1274 650 ‚hoc
1301 564 1360 636 in-

303 691 397 764 dicio
425 715 502 762 esse
535 693 657 784 potest
685 687 875 760 tradidisse
905 685 1109 760 Homerum
1144 684 1360 779 insigniores

304 819 409 880 notas
426 832 490 903 per
506 829 596 902 quas
614 811 651 878 et
674 805 712 876 in
729 829 859 900 genere
883 805 1105 877 conveniunt
1128 811 1166 875 ct
1183 804 1221 874 in
1239 800 1361 897 specie

304 925 477 996 differunt
503 921 681 1008 homines,
704 921 755 994 ita
779 932 822 994 ut
847 922 916 995 illis
943 927 1081 994 caeterae
1106 919 1259 990 leviores
1284 916 1362 989 sint

303 1050 341 1114 ct
359 1040 473 1137 magis
491 1039 684 1111 mutabiles
701 1049 737 1111 et
755 1039 906 1134 singulis
924 1038 982 1110 vel
999 1037 1124 1133 paucis
1143 1034 1257 1128 magis
1275 1059 1361 1130 pro·

304 1157 402 1254 priae.
455 1155 645 1229 Fortitudo
663 1155 792 1228 bellica
809 1165 846 1227 et
863 1155 978 1227 civilis
999 1153 1192 1250 prudentia
1211 1151 1249 1222 in
1266 1150 1361 1246 puh-

304 1275 375 1348 lica
388 1273 578 1347 hominum
591 1275 665 1347 vita
681 1276 808 1370 primae
827 1276 1006 1372 prodeunt
1019 1281 1057 1347 ct
1069 1272 1360 1370 conspiciuntur,

305 1392 484 1488 plerisque
500 1399 626 1463 tamen
641 1391 812 1464 videntur
829 1391 1009 1487 simplices
1033 1413 1111 1462 esse
1129 1399 1166 1461 et
1189 1413 1234 1460 ex
1252 1388 1362 1460 unico

306 1508 473 1604 exemplo
497 1507 750 1602 perdiscendae.
790 1508 909 1581 Aliter
926 1509 1068 1582 censuit
1088 1507 1271 1579 Homerus
1294 1530 1363 1578 nec

306 1635 450 1698 tantum
468 1648 594 1697 earum
611 1625 772 1698 diversos
793 1625 942 1698 effectus
960 1625 1022 1696 sed
1046 1648 1174 1696 causas
1194 1623 1305 1696 etiam
1326 1631 1365 1694 et

308 1743 448 1815 diversa
473 1741 653 1813 inanimo
679 1749 717 1813 et
742 1743 931 1815 affectibus
958 1741 1126 1814 humanis
1153 1741 1281 1813 harum
1307 1763 1364 1811 re·

308 1883 392 1932 rum
422 1857 560 1931 semina
589 1866 763 1931 excutere
792 1871 828 1931 et
857 1859 1057 1955 exprimere
1084 1857 1211 1930 voluit.
1265 1853 1365 1927 Hinc

309 1983 366 2046 tot
399 1974 510 2047 duces
544 1975 682 2047 virtute
715 1975 844 2048 bellica
882 1975 1015 2070 pariter
1052 1971 1265 2069 spectabiles
1300 1971 1364 2044 sed

309 2089 420 2162 animi
437 2090 563 2164 habitu
578 2097 616 2162 et
632 2091 791 2164 motibus
808 2091 903 2164 iuter
920 2115 958 2163 se
976 2091 1231 2186 discrepantes.
1266 2087 1364 2160 Hec-

311 2217 391 2279 tora
407 2205 533 2301 patriae
553 2230 656 2279 arnor
671 2215 709 2280 et
735 2233 885 2281 suorum
903 2231 991 2280 cura
1014 2207 1053 2279 in
1070 2205 1235 2302 praelium
1252 2205 1366 2278 susci·

310 2328 378 2397 tat.
431 2321 633 2395 Diomeden
668 2348 757 2396 suus
791 2325 920 2397 ardens
955 2323 1102 2420 spiritus
1135 2329 1174 2395 et
1207 2329 1367 2420 paternas

311 2440 429 2513 laudis
447 2441 642 2512 aemulatio.
697 2441 842 2514 AEnean
859 2449 1082 2538 temperatus
1106 2447 1144 2513 et
1161 2441 1274 2512 virilis
1291 2440 1367 2511 ani-

312 2582 406 2631 mus.
472 2557 619 2654 Ajacem
654 2557 766 2631 animi
802 2557 934 2632 ferocia
974 2571 1011 2632 et
1047 2559 1159 2631 robur·
1192 2556 1366 2654 corporis.

313 2675 494 2748 Achillem
524 2674 759 2770 praeccllentis
787 2675 932 2748 virtutis
962 2674 1105 2748 fiducia.
1159 2675 1369 2748 Patroclum

313 2793 404 2865 fides
427 2815 511 2885 erga
534 2793 704 2865 amicum.
759 2791 817 2865 Ita
834 2794 920 2866 dom
938 2792 975 2865 in
993 2793 1163 2866 omnibus
1188 2791 1283 2864 inest
1299 2791 1369 2862 sor-

314 2909 432 2982 titudo
467 2920 506 2981 at
539 2933 585 2983 ex
615 2910 714 2983 vario
749 2911 885 2983 semine
919 2891 1041 2983 ortum
1072 2911 1172 2983 ducit
1202 2920 1239 2983 et
1269 2909 1371 2981 vario

315 3033 420 3099 motu
454 3049 533 3098 sese
567 3028 735 3123 explicat.
789 3026 835 3100 In
865 3028 1022 3100 consiliis
1056 3052 1122 3123 par
1150 3038 1206 3099 cst
1236 3027 1370 3099 discre-

315 3143 450 3238 pantia.
496 3143 621 3240 longe
642 3143 749 3216 aliam
770 3168 848 3217 esse
869 3145 986 3217 voluit
1006 3143 1191 3216 Homerus
1212 3143 1374 3240 pruden-

314 3258 404 3331 tiam
434 3283 515 3355 quae
545 3285 589 3332 ex
624 3261 734 3356 longo
764 3285 833 3333 usu
868 3261 1048 3347 accrescit,
1080 3259 1189 3333 aliam
1217 3284 1296 3356 quae
1325 3284 1371 3332 ex

316 3374 427 3447 animi
450 3376 735 3472 promptitudine
759 3385 796 3449 ct
820 3378 1016 3472 sagacitate
1036 3377 1193 3474 pendet;
1221 3378 1372 3449 alteram

317 3492 385 3564 sub
410 3492 579 3565 Nestoris
605 3518 771 3590 persona,
798 3495 949 3566 alteram
975 3495 1044 3567 sub
1071 3493 1216 3591 Ulyssis
1241 3494 1371 3565 adum-

316 3610 456 3681 bratam
475 3609 584 3683 dedit.
639 3608 740 3694 Quin
758 3621 794 3683 et
820 3611 916 3707 apud
942 3635 1026 3682 eum
1048 3611 1146 3706 regia
1172 3609 1373 3683 authoritas

317 3749 401 3798 suas
422 3726 530 3799 habet
553 3725 702 3822 species.
756 3727 1012 3822 Agamemnon
1031 3727 1217 3822 dignitatis
1244 3751 1319 3800 suae
1336 3733 1374 3798 et

316 3845 497 3917 virtutum
523 3869 604 3940 quae
630 3845 724 3941 regis
750 3847 881 3919 solium
909 3852 1039 3920 ornant
1065 3847 1233 3920 conscius
1258 3847 1373 3942 impe-

317 3960 413 4033 rium
431 3971 585 4035 exercet.
641 3962 840 4060 Sarpedon,
860 3962 916 4036 vir
940 3961 1051 4036 animi
1072 3963 1225 4036 sortasse
1250 3961 1373 4034 minus

318 4077 401 4150 elati
419 4079 480 4150 sed
499 4078 675 4151 suavioris
693 4092 730 4153 et
748 4078 974 4166 honestioris,
993 4104 1068 4153 non
1085 4080 1137 4152 ita
1154 4078 1295 4176 imperii
1313 4103 1374 4174 ap·

317 4203 445 4287 petens
463 4217 572 4288 quam
601 4195 706 4270 officii
734 4222 817 4292 erga
843 4197 1009 4271 subditos
1034 4202 1071 4292 et
1095 4197 1249 4292 patriam
1269 4219 1374 4268 suam

319 4333 470 4393 memor,
496 4312 622 4383 iisdem
651 4313 747 4386 curis
774 4314 951 4409 invigilat.
1005 4315 1047 4387 In
1069 4314 1236 4410 Odyssea
1263 4312 1375 4384 Perre
