3094 4898
556 313 770 363 remrsorrc
788 313 957 362 surricis.
1219 293 1283 355 119

230 461 260 534 si
291 484 384 557 opus
411 459 519 533 tuerit
545 461 780 558 comprobare
805 461 953 556 possim.
1005 460 1148 536 Possim
1174 464 1284 538 etiarn

228 577 381 649 eandem
397 601 475 650 rem
491 586 656 650 veterum
672 577 891 650 testimoniis
909 579 1121 652 confirmare
1132 585 1165 651 ²¹¹.
1211 578 1283 654 Sed

227 715 346 787 neque
362 690 503 765 fabulas
520 692 628 764 hosce
644 716 792 788 prorsus
816 692 997 788 repudiari
1013 694 1132 766 velim.
1188 693 1284 768 Sunt

229 811 327 882 enim
350 835 430 905 quae
453 808 483 882 si
509 811 606 882 reo'te
630 809 880 904 intelligantur
897 819 934 882 et
958 835 1043 883 cum
1062 809 1212 882 Homeri
1229 809 1283 907 ip·

228 923 304 997 sius
337 924 456 998 verbis
491 923 726 998 conferantur
757 925 890 999 Graeoae
923 949 1073 1022 poeseos
1107 925 1284 1021 originem

226 1042 325 1114 haud
352 1043 504 1115 obscure
528 1042 729 1138 designent.
781 1042 841 1116 Ad
864 1044 987 1139 ipsum
1008 1042 1119 1138 igitur
1139 1051 1284 1139 poetam

227 1158 375 1230 tandem
404 1157 638 1230 deveniamus
666 1181 817 1230 suorum
846 1165 943 1231 certe
974 1168 1183 1255 temporum
1212 1157 1284 1230 his-

227 1272 329 1346 toriae
353 1297 396 1345 ex
417 1274 518 1346 omui
541 1282 643 1369 parte
666 1272 847 1370 optimum
869 1275 1117 1370 interpretem.
1170 1273 1283 1370 Apud

227 1387 331 1461 illum
354 1387 477 1484 itnque
504 1388 596 1463 vatis
622 1413 757 1462 nomen
782 1397 820 1463 et
848 1389 1010 1463 studium
1034 1390 1173 1463 caeteris
1196 1389 1283 1462 arti-

228 1503 321 1578 ficiis
337 1511 546 1579 accensetur
563 1528 644 1601 quas
658 1506 734 1601 jam
751 1516 831 1580 tum
848 1508 1204 1581 excolebantur¹12-

506 1673 530 1728 ei
540 1673 576 1744 μὴ
589 1679 640 1729 τῶν
653 1670 678 1728 oi
686 1633 839 1747 δημιοεργοὶ
852 1675 934 1739 ἴασιν,

391 1767 497 1834 Μάντιν,
511 1765 628 1838 ἧίητῆρα
642 1770 733 1837 κακῶν,
747 1766 763 1836 ἢ
776 1768 881 1822 τέκτονα
894 1765 1002 1839 δούρων,

383 1859 424 1916 Ἢ
438 1863 480 1916 καί
494 1861 588 1918 θέσπιν
601 1861 697 1929 ἀοιδὸν,
713 1861 729 1917 ὅ
740 1884 785 1917 κεν
797 1862 922 1934 τέρπῃσιν
934 1863 1044 1930 ἀείδωνς

392 1958 470 2014 Οὗτοι
480 1960 533 2033 γὰρ
547 1961 638 2029 κλητοί
648 1981 679 2032 γε
693 1962 796 2031 βροτῶν
809 1959 848 2015 ἀπ’
862 1958 984 2032 ἀπείρονα
995 1961 1081 2033 γαῖαν.

231 2119 370 2192 Omnes
404 2117 515 2214 igitur
548 2118 677 2190 harum
717 2115 850 2190 artium
884 2118 1053 2217 cultores¹
1077 2140 1209 2212 magno
1244 2118 1283 2191 in

229 2235 367 2308 honore
395 2231 509 2307 habiti
534 2241 647 2321 erant,
673 2255 750 2329 pras
779 2232 918 2306 crateris
948 2242 1069 2306 tamen
1099 2233 1285 2307 eminebat

229 2356 430 2425 vatem:-

386 2505 461 2559 Πᾶσι
473 2503 524 2576 γὰρ
537 2502 712 2574 sceptrorum
725 2500 912 2574 ἐπιχθονίοισιν
925 2501 1008 2557 ἀοιδοί

386 2602 466 2670 Τιμῆο
479 2599 587 2671 ίμμοροί
599 2599 817 2663 sternutatione,
832 2595 912 2652 οὕνεκ’
927 2598 977 2671 ἀρα
991 2596 1077 2668 σφέας

387 2695 469 2767 Οἶμαο
477 2693 557 2764 μοῦσ’
571 2694 682 2763 ἐδίδαξε,
695 2697 796 2766 φίλησε
810 2694 839 2749 δέ
854 2695 942 2766 φῦλον
954 2694 1058 2748 ἀοιδῶν.

229 2839 341 2912 Hunc
361 2839 479 2935 epulis
497 2837 637 2912 socium
653 2837 914 2925 admiscebant,
933 2843 971 2909 et
987 2843 1126 2911 attente
1143 2861 1287 2935 semper

230 2965 524 3039 audiebantu-

388 3141 489 3214 οὐγὰρ
503 3141 587 3214 ἔγωγέ
598 3141 625 3196 τί
637 3143 706 3213 φημι
719 3143 794 3198 τέλος
807 3140 978 3214 χαριέστερον
990 3135 1054 3196 ιίναι

378 3216 382 3230 ¹
395 3247 421 3294 H
434 3236 471 3292 ὅτ’
487 3235 640 3309 ι’ῦφροσύνη
653 3237 700 3307 μίν
713 3237 761 3308 ἔχῃ
776 3239 840 3291 κάτα
854 3237 937 3306 δῆμον
950 3237 1059 3299 ἅπαντα,

384 3335 539 3402 Δαιτνμόνει·
552 3331 574 3386 δ’
588 3333 637 3388 ἀνὰ
649 3329 744 3403 δώματ’
757 3332 930 3398 ἀκουάζοντα
943 3330 1033 3386 ἀοιδοῦ

377 3427 490 3500 Ἠμενοι
504 3428 597 3498 έξείητ.

227 3578 341 3652 Hunc
357 3577 466 3652 etiam
482 3577 663 3676 religionis
681 3584 719 3652 et
739 3603 925 3654 sacrorum
948 3578 1156 3651 ministrum
1173 3575 1284 3647 habe·

225 3695 325 3784 bont,
344 3696 396 3769 ita
413 3695 508 3770 enim
526 3696 617 3770 illud
633 3697 869 3793 accipisn-

467 3855 497 3912 ὅτ
509 3878 538 3911 τι
552 3855 637 3912 θεοῖσι
651 3857 692 3912 καί
706 3855 883 3928 ἀνθρώποισιν
896 3854 983 3910 ἀείδω.

267 4067 289 4098 ¹²¹
308 4057 360 4118 Ea
380 4057 543 4130 Herodoto,
561 4059 581 4118 l.
597 4058 628 4120 ii.
643 4078 668 4120 c.
684 4080 733 4134 5³:
775 4058 893 4138 Joscplr.
908 4063 984 4117 cont.
1000 4055 1117 4136 Apion,
1130 4053 1152 4115 l.
1166 4054 1186 4115 i.
1203 4074 1228 4115 c.
1246 4080 1269 4115 ι.

228 4138 464 4214 ScatEmpiris.
479 4140 543 4199 odo.
557 4141 667 4208 Gram„
680 4139 700 4198 l.
713 4141 732 4198 i.
814 4147 828 4175 ¹¹
846 4137 900 4195 Od.
917 4150 944 4194 P.
961 4148 1018 4210 383.
1074 4145 1085 4169 ⁰
1103 4136 1157 4195 od.
1174 4147 1205 4194 θ.
1220 4160 1279 4210 ⁴59·

226 4238 252 4276 o.
273 4241 319 4291 ιο,
351 4218 480 4279 Psilos.
498 4218 733 4288 Prooem.Her.;
813 4217 898 4276 POd.
914 4229 935 4274 1.
950 4239 976 4289 5.
1072 4215 1280 4289 ιιΟά.)ί.346.

226 4299 317 4358 Dion.
345 4298 449 4377 Chrys.
477 4298 597 4376 Trajan.
625 4298 708 4358 Orat.
720 4322 733 4368 ,-
