3094 4898
276 316 340 381 170
444 383 449 388 ,
607 321 822 373 rfflrnorro
846 321 994 370 onorrm.

275 496 371 568 Τοοι
396 485 643 589 ἀστρονομία,
662 491 822 564 Scientia
839 515 919 588 quae
945 491 1053 563 astris
1080 514 1186 564 suum
1204 492 1329 564 locum

275 610 470 698 distribuit,
490 610 678 683 nonenim
697 609 766 680 alia
790 617 867 681 erat
884 605 1060 680 Veterum
1080 609 1326 706 Astronomia,

186 823 189 828 ,
275 750 313 818 et
339 731 581 835 κληρονομία,
609 736 737 812 sortito
764 736 861 810 enim
888 735 1149 832 dispertiebant
1178 747 1330 834 paterna

275 874 382 957 bona,
414 878 452 942 et
482 860 683 959 οίκονομία,
715 867 863 963 privatae
889 867 943 939 rei
970 867 1233 941 administratio
1262 891 1328 940 seu

276 999 494 1076 distributio.
549 999 691 1072 Rursus
720 986 843 1088 νομὸς,
879 999 982 1070 loeus
1017 1005 1074 1071 est
1107 999 1223 1073 cuivis
1257 999 1329 1072 dis-

276 1121 412 1192 tribute
438 1115 657 1211 assignatus,
685 1128 796 1211 atque
820 1115 911 1188 adeo
942 1115 1111 1212 gregibus
1137 1141 1327 1214 pascuum.

275 1251 442 1324 Eundem
471 1271 620 1320 sensum
651 1247 922 1344 quodammodo
953 1247 1115 1320 referunt
1143 1233 1329 1343 προνομὴ,

275 1378 471 1480 pabulatio,
502 1364 697 1467 ὑπόνομος,
726 1376 928 1464 cuniculus,
957 1385 995 1450 et
1021 1378 1098 1474 agri
1124 1355 1330 1476 AEgyptiaci

276 1511 489 1610 partitiones
517 1493 622 1596 νόμον
649 1506 894 1604 dictae-quin
917 1515 956 1580 et
980 1504 1115 1603 χειρῶν
1141 1498 1265 1600 νομὸς,
1284 1509 1329 1582 de

195 1679 198 1686 ·
276 1642 444 1716 manibus
479 1636 745 1726 interserendis,
776 1661 894 1733 neque
924 1639 1067 1711 abludit
1101 1627 1214 1730 νομὸς
1231 1664 1328 1713 eou-

275 1757 444 1844 suetudo,
479 1755 638 1829 officium
677 1755 814 1829 scilieet
853 1757 911 1828 vel
950 1781 1034 1852 pars
1071 1757 1231 1853 cuipiam
1270 1783 1328 1832 as·

276 1891 429 1986 signata,
457 1887 545 1983 quin
569 1891 607 1957 et
633 1874 744 1975 νομὸς
769 1887 961 2000 cantilena,
989 1909 1033 1958 ex
1058 1887 1217 1984 partium
1240 1888 1330 1962 divi·

278 2023 390 2109 sione,
421 2044 464 2093 ee
495 2017 650 2113 denique
681 2004 803 2107 νομὸς,
833 2017 905 2104 lex,
933 2040 1018 2090 cum
1045 2017 1120 2090 suis
1152 2019 1329 2113 cognatis,

278 2163 350 2236 qua
381 2136 516 2210 scilieet
545 2133 630 2230 jura
661 2143 696 2206 et
732 2134 980 2230 possessiones
1011 2135 1163 2230 singulis
1190 2135 1332 2211 civibus

278 2268 559 2352 distribuuntur,
591 2271 629 2335 et
664 2251 824 2353 νέμεσις,
855 2289 973 2360 poena
1007 2266 1065 2338 vel
1099 2268 1331 2362 reprehensio

277 2388 356 2483 lege
390 2384 483 2456 data.
546 2380 649 2454 Adeo
684 2405 728 2452 ex
762 2381 824 2454 illa
858 2407 938 2478 quae
973 2385 1011 2456 in
1045 2408 1165 2458 rerum
1201 2397 1332 2462 natura

269 2502 397 2601 prima
413 2509 469 2574 est
487 2496 753 2586 distributione,
773 2524 845 2595 qua
870 2500 993 2597 pecori
1012 2511 1049 2574 et
1070 2501 1237 2599 gregibus
1255 2505 1332 2579 suis

279 2645 407 2716 agrurn
430 2614 689 2713 dispertiebant
710 2615 889 2704 homiues,
909 2617 956 2690 ad
980 2618 1081 2690 illam
1104 2620 1252 2694 tandem
1270 2622 1331 2695 de

278 2739 429 2813 ferimur
446 2760 491 2808 ex
509 2757 581 2832 qua
598 2731 716 2804 omnis
734 2732 818 2805 vitae
835 2735 1078 2808 communitas
1096 2737 1244 2831 pendet.

329 2868 457 2940 Parem
475 2865 584 2938 habet
601 2863 782 2936 rationem
798 2863 902 2937 radix
919 2855 1045 2960 μείρω,
1065 2865 1199 2957 divido,
1218 2871 1278 2942 vel
1295 2871 1335 2943 in

281 3003 401 3098 partes
419 2995 555 3080 scindo,
574 2992 672 3066 unde
688 2981 800 3088 μέρος
820 3019 916 3091 pars,
934 2983 1051 3091 μόρος
1072 2998 1203 3094 portio,
1222 3007 1336 3100 atque

280 3129 370 3204 adeo
398 3127 481 3200 ritae
508 3123 771 3197 conditionum
801 3123 875 3198 suis
904 3125 1108 3202 derivativis
1129 3115 1333 3224 δυ’σμορος,

281 3248 481 3352 κοίμμορος,
500 3261 537 3327 et
560 3253 714 3350 denique
730 3252 844 3350 μοῖρα
860 3258 918 3329 vel
936 3283 959 3348 η
983 3248 1197 3353 εἱμαρμένη,
1216 3261 1335 3336 fatum

281 3399 354 3474 quo
380 3375 418 3446 in
445 3373 523 3469 ipsa
539 3369 615 3443 vita
640 3382 677 3444 et
701 3369 739 3442 in
765 3370 845 3468 ipso
863 3375 949 3447 vitae
975 3376 1131 3449 termino
1158 3401 1225 3449 sua
1250 3403 1336 3475 pars

282 3491 432 3587 siugulis
458 3486 642 3575 dividitur,
661 3512 741 3584 quae
768 3489 914 3586 quidem
939 3491 1019 3587 ipsa
1038 3517 1107 3565 vox
1134 3491 1336 3591 simplicem

281 3609 473 3709 aliquando
491 3605 639 3702 originis
657 3629 732 3678 suae
750 3631 898 3680 sensum
915 3609 1058 3682 retinet.

332 3727 423 3800 Haeo
440 3725 553 3820 igitur
569 3723 735 3820 exempla
758 3723 833 3796 siut
849 3725 1038 3822 Analogiae
1054 3750 1166 3822 quam
1183 3725 1279 3800 inter
1296 3755 1335 3802 se

283 3851 430 3920 servant
447 3842 657 3916 Derivativa
675 3838 817 3916 Graeca.
853 3842 995 3916 Caetera
1012 3854 1100 3916 sunt
1116 3843 1335 3933 istiusmodi,

283 3967 363 4069 ἀγω
380 3976 486 4062 duco,
506 3975 563 4046 vel
580 3973 775 4046 remotiore
798 3995 909 4046 sensu
926 3974 1066 4070 frango,
1087 3974 1184 4046 unde
1202 3964 1335 4067 ἀγέλη,

284 4093 425 4200 ἅμαξαν
469 4092 583 4197 ‘twa’
629 4089 743 4195 ἀγὼν,
787 4092 927 4196 ζεῦγος,
956 4093 1112 4198 ’ἀρήγων
1149 4087 1243 4192 ἀκτὴ
1294 4125 1337 4176 ³⁰

285 4231 438 4330 denique
465 4221 621 4327 ἀνάγκη,
651 4259 775 4330 parem
807 4235 879 4308 sere
905 4259 1100 4308 numerum
1129 4232 1338 4330 parturiunt

284 4354 401 4456 γένος,
429 4350 511 4446 βάω
536 4361 594 4434 vel
621 4355 750 4449 βαίνω,
779 4352 854 4434 dotto
881 4367 937 4438 vel
964 4353 1065 4454 δαίω,
1090 4364 1223 4452 divido,
1252 4353 1337 4434 (ἴδον
