3094 4898
540 344 751 405 remmono
775 355 931 406 uncins.
1200 351 1262 418 169

205 541 313 604 sensu
345 527 534 606 mercator,
565 519 663 592 unde
694 503 873 614 ἐμπόριον
901 522 1005 595 locus
1036 527 1262 602 commerciis

204 635 466 733 frequentatus.
519 634 611 709 Haec
633 635 744 732 igitur
769 638 893 711 omnia
915 646 954 712 et
979 651 1110 715 coetera
1134 669 1260 740 quam-

204 755 362 850 plurima
384 753 455 826 iilis
478 760 632 849 cognata
654 753 700 825 ab
729 777 802 826 una
827 754 946 829 radice
975 760 1169 854 pullulant,
1193 787 1260 836 neo

204 867 360 940 obscura
393 877 540 940 servant
571 864 717 961 originis
747 889 822 939 suae
852 867 1005 965 vestigia
1035 895 1116 967 quae
1150 899 1259 971 quam
1352 922 1360 936 ·

203 984 277 1056 late
297 993 511 1080 permanant
528 983 610 1081 quis
631 1007 705 1055 non
723 983 833 1055 videt.
887 983 969 1059 Nec
993 986 1145 1062 miretur
1163 993 1259 1087 quis-

202 1101 313 1196 piam,
341 1100 451 1174 modo
473 1100 564 1173 illud
591 1110 823 1196 perspectum
847 1102 1026 1189 babuerit,
1053 1129 1099 1180 ex
1124 1106 1193 1180 hec
1221 1133 1260 1182 re

202 1232 359 1328 pendere
382 1222 531 1323 ulmo
552 1230 659 1304 istam
685 1255 765 1328 quae
787 1241 841 1304 tot
866 1233 1002 1328 species
1027 1235 1136 1309 habet
1162 1239 1260 1312 etin

202 1347 303 1421 omni
320 1357 450 1422 natura
469 1347 668 1444 plurimum
686 1349 793 1421 valet.
846 1348 970 1422 Etiam
988 1351 1118 1458 Latina
1135 1355 1260 1451 lingua

201 1466 312 1540 verbo
345 1466 455 1540 habet
489 1464 576 1540 hinc
611 1465 816 1562 desumpta,
848 1469 1027 1565 experior,
1059 1475 1257 1570 comperio,

201 1583 378 1658 inusitato
396 1585 493 1682 apud
511 1585 593 1658 illos
610 1583 689 1679 ipso
707 1584 881 1659 themate.
964 1657 967 1668 ,

253 1717 298 1789 In
315 1741 404 1790 voce
423 1706 519 1806 νέμω
542 1725 579 1789 et
596 1713 703 1789 variis
727 1715 804 1812 ejus
823 1716 987 1792 sensibus
1004 1719 1116 1795 habes
1142 1723 1257 1799 civilis

202 1832 286 1908 vitae
320 1833 526 1930 imaginem.
589 1833 704 1907 Sensu
740 1834 837 1907 enim
871 1836 1042 1932 primario
1078 1839 1258 1937 significat

202 1966 416 2040 distribuere
449 1965 581 2064 cuique
617 1989 719 2038 suam
756 1964 1079 2062 portionem-Oi
1117 1961 1148 2040 δ’
1185 1962 1256 2063 ἤδη

199 2088 332 2192 μοίρας
354 2087 385 2168 τ’
405 2087 535 2188 ἔνεμον
545 2073 757 2171 ‘-verbum
775 2097 928 2172 fortasse
952 2125 975 2172 a
993 2099 1067 2174 vita
1085 2105 1258 2197 pastorali

199 2213 408 2300 deductum,
438 2213 477 2286 in
512 2238 585 2312 quo
619 2214 740 2311 pecori
771 2215 1059 2290 distribuebatur
1086 2219 1189 2293 locus
1217 2221 1255 2294 in

199 2354 273 2429 quo
302 2336 548 2426 pascerentur,
580 2331 679 2405 unde
713 2333 873 2406 secundo
903 2357 1025 2424 sensu,
1054 2359 1140 2408 oves
1175 2313 1255 2434 pas-

199 2471 417 2522 cere-mox
435 2472 564 2544 agrum
581 2451 711 2535 colere,
730 2448 921 2544 assignatis
932 2451 1013 2547 jam
1030 2452 1161 2550 cuique
1179 2456 1255 2528 suis

200 2564 668 2661 possessionibus-deinde
686 2565 857 2654 habiture,
872 2567 915 2639 fit
932 2567 1031 2678 enim
1049 2568 1255 2645 distributio

200 2705 286 2755 oum
312 2683 470 2778 populus
500 2681 538 2754 in
566 2683 642 2756 suis
668 2683 814 2757 sedibus
845 2683 1252 2780 conquiescit—iterum

199 2823 257 2872 res
282 2799 647 2888 administraremus
668 2799 807 2874 scilicet
832 2811 954 2897 portes
980 2807 1018 2875 et
1036 2801 1098 2897 jus
1124 2802 1255 2900 cuique

200 2929 439 3018 distribuere3
483 2932 529 3005 nb
567 2931 625 3004 his
662 2931 828 3005 sensibus
867 2931 1068 3028 profluunt,
1110 2919 1251 3023 noueris,

198 3070 381 3157 pastor-
394 3060 703 3158 frequentativum
726 3085 792 3135 seu
817 3060 1042 3134 intensivum
1070 3050 1254 3154 νωμάω-

200 3180 379 3282 νώμησαν
422 3180 452 3259 δ’
488 3179 561 3285 ἄρα
602 3179 854 3263 πᾶσιν“-’-ἰο
888 3215 960 3286 quo
1004 3192 1085 3265 loco
1127 3191 1189 3263 vix
1231 3215 1254 3264 a

198 3319 318 3394 radice
349 3289 614 3404 unanimem}
645 3320 707 3392 sed
738 3319 850 3394 habes
882 3310 1252 3415 οὶίοω-πελώριον

198 3439 309 3544 ἔγχος
335 3437 457 3539 ἐνώμα
467 3457 576 3522 v-eo
594 3449 692 3522 enim
715 3449 836 3522 vibrat
854 3455 896 3523 ut
918 3452 1041 3524 locum
1066 3448 1157 3522 ictui
1180 3449 1250 3522 dis-

112 3624 117 3635 ι
197 3579 345 3666 tribuat,
367 3585 416 3666 et,
441 3569 574 3674 κέρδεα
600 3561 766 3669 reads,
786 3579 838 3652 ito
864 3603 940 3651 rem
967 3578 1148 3652 inanimo
1173 3600 1250 3649 ver-

197 3719 281 3770 sans
316 3704 354 3769 et
389 3696 614 3792 distinguens
648 3704 692 3768 ut
726 3696 795 3768 sibi
829 3699 1064 3769 commodum
1099 3704 1249 3790 quaerat.

197 3811 341 3888 Iberum
353 3844 415 3886 :—

357 3978 425 4037 Old'
440 3981 483 4038 ἰπὶ
496 3981 579 4051 δεξιὰ,
594 3976 642 4036 oit'
658 3981 697 4039 ἔπ’
711 3981 834 4055 ἅριθτερᾶ
848 3983 966 4052 νωμῆσαι
978 3982 1044 4042 βῶν·

353 4077 508 4147 Ἀζολέηνῆ

235 4233 245 4271 ²
268 4231 371 4312 odyss.
386 4245 418 4293 e.
434 4251 503 4312 470.
783 4239 795 4263 ¹
819 4230 921 4310 Odyrr.
937 4242 968 4288 r.
984 4249 999 4287 ο
1004 4246 1050 4308 57.

236 4321 250 4345 “
271 4313 317 4371 Il.
333 4328 449 4392 A.471.
783 4309 858 4370 111.
877 4323 911 4370 Η.
929 4313 995 4384 238.

235 4401 249 4430 '
269 4391 346 4452 Ibid.
362 4405 393 4452 lt.
410 4408 476 4471 594.
