3058 4908
460 328 676 380 emporio
695 331 970 382 necrus-sum.
1180 320 1246 385 269

246 481 343 556 Cum
368 486 491 556 eutem
517 483 626 555 unius
650 481 731 555 Viri
759 481 922 556 fortunas
948 481 1017 556 sibi
1044 507 1110 579 pro
1137 507 1244 578 urgu-

195 605 319 673 mento
346 599 546 696 desumpsit
571 599 696 686 Poeta,
725 624 798 672 non
825 601 940 673 totius
965 599 1051 673 vitae
1081 601 1244 675 fortunas

195 719 405 814 complexus
432 721 499 805 est,
518 740 637 814 neque
662 717 759 790 enim
785 741 859 790 una
875 728 930 790 est
955 718 1078 791 subula
1094 741 1173 813 quae
1198 718 1245 792 ad

195 853 323 908 unum¹
338 832 471 907 Virum
500 839 651 936 spectet,
684 839 727 906 ut
761 843 858 907 recte
892 842 996 908 notat
1026 832 1243 908 Aristoteles

195 964 401 1039 Homerum
434 990 480 1038 ex
513 966 581 1039 hac
614 967 692 1062 ipsa
733 972 836 1063 parte
871 949 1177 1040 collaudans—“O
1211 956 1242 1036 δ

189 1077 360 1191 Ὄμηρος
387 1078 516 1191 ὥσπερ
550 1089 610 1166 καὶ
639 1084 686 1166 τὰ
711 1085 814 1166 ἄλλα
843 1087 1022 1194 διαφέρει,
1050 1089 1111 1165 καὶ
1144 1082 1242 1166 τοῦτ’

196 1215 289 1296 έοικε
322 1221 445 1300 καλῶς
474 1222 565 1297 ἰδεῖν
596 1215 678 1315 ἤτοι
708 1215 769 1296 διὰ
799 1209 934 1322 τέχνην
962 1213 984 1317 ἢ
1020 1214 1081 1296 διὰ
1110 1212 1241 1323 φύσιν·

194 1342 428 1427 Ὀδύσσειαν
451 1345 524 1452 γὰρ
549 1351 678 1444 ποιῶν,
703 1346 770 1426 οὐκ
796 1347 973 1448 ἐποίησεν
997 1338 1143 1427 ἅπαντα
1168 1345 1244 1426 ὅσα

196 1476 294 1583 αὐτῷ
330 1469 486 1577 συνέβη·
526 1476 605 1556 οἷον
641 1481 839 1596 πληγῆναιΙ
870 1472 939 1575 μέν
977 1477 1017 1555 έν
1054 1478 1106 1582 τῷ
1135 1478 1242 1580 Παρ-

196 1609 343 1714 νασσῷ,
369 1611 528 1706 μανῆναι
557 1603 596 1686 δέ
625 1603 965 1709 προσποιήσασθαι
991 1608 1032 1685 ἐν
1057 1608 1108 1713 τῷ
1132 1607 1242 1711 ἀγερ·

193 1739 263 1844 qu·
299 1728 351 1815 ὧν
383 1731 491 1815 οὐδέν
525 1728 684 1839 θατέρου
721 1726 923 1838 γενομένου
959 1737 1161 1837 ἀναγκαῖον
1192 1732 1239 1835 ἦν

193 1863 217 1968 ἢ
236 1863 331 1950 εἰκὸς
357 1857 514 1970 θατέρον
531 1859 719 1968 γενέσθαι·
756 1862 859 1944 ἀλλὰ
883 1868 967 1968 περὶ
991 1865 1081 1965 μίαν
1104 1861 1244 1970 πρᾶξιν

194 1995 277 2074 οἵαν
294 1991 455 2096 λέγομεν
480 1990 549 2094 τὴν
565 1991 800 2075 Ὀδύσσειαν
819 1991 1057 2094 συνέστησεν
1068 1999 1244 2102 r—neque

193 2145 281 2194 vero
303 2127 419 2193 totam
444 2120 583 2192 reditus
609 2120 686 2217 ejus
713 2120 901 2193 historiam
925 2121 1095 2218 deinceps
1121 2146 1243 2219 prose·

195 2244 302 2312 cutus
319 2243 387 2325 est,
406 2237 469 2310 sed
486 2246 530 2310 ut
555 2236 657 2335 prius
682 2238 792 2311 unius
809 2237 890 2312 Viri
907 2262 1019 2311 unam
1044 2244 1081 2311 et
1107 2238 1243 2335 simpli-

193 2379 274 2430 cem
290 2356 497 2444 Actionem,
515 2365 703 2452 utcunque
726 2355 764 2428 in
782 2379 820 2428 se
839 2363 959 2451 partes
977 2355 1109 2430 hebeat
1127 2381 1243 2453 neque

193 2496 346 2546 numero
364 2497 482 2570 neque
498 2473 748 2569 magnitudine
766 2497 833 2546 sua
849 2474 1143 2561 contemnendus,
1156 2498 1242 2547 con-

193 2603 355 2678 finxit-
361 2593 450 2693 μίαν
475 2590 616 2698 πρᾶξιν
649 2595 843 2696 πολυμερῇ
857 2603 1015 2674 ⁸—sdeo
1048 2608 1092 2676 ut
1126 2603 1243 2699 spatio

193 2719 365 2818 temporis
382 2718 516 2793 Iliados
533 2725 571 2793 et
589 2719 757 2816 Odysseae
776 2719 900 2792 eadem
918 2717 966 2792 sit
983 2719 1086 2792 ratio.

244 2836 457 2910 Universum
471 2835 590 2933 operis
604 2835 755 2909 sormam
769 2834 925 2907 breviter
936 2844 973 2907 et
990 2833 1166 2908 concinne
1179 2858 1243 2906 ex-

192 2955 317 3053 posuit
333 2952 549 3027 Aristoteles
566 2953 605 3025 in
623 2952 721 3025 hunc
737 2952 886 3026 modum
901 2947 928 3025 ¹¹.
972 2949 1084 3025 Sociis
1102 2950 1243 3026 amissis

193 3073 273 3147 Rex
290 3071 438 3169 quidum
454 3071 531 3166 ipse
554 3071 654 3143 solus
675 3080 856 3165 superstes
873 3071 1002 3166 procul
1027 3094 1048 3141 a
1072 3068 1244 3166 patriast

194 3191 305 3264 domo
339 3212 406 3262 sua
438 3187 579 3284 egebat,
608 3187 654 3259 ab
687 3186 778 3259 irato
806 3186 981 3283 Neptuno
1016 3186 1241 3260 observatus.

194 3308 340 3381 Interea
365 3306 463 3380 domi
489 3306 584 3378 bona
609 3304 687 3400 ejus
715 3305 760 3377 ub
787 3305 909 3378 uxoris
935 3304 1054 3401 procis
1075 3305 1242 3378 absume-

193 3426 338 3512 bantur,
357 3430 395 3496 et
411 3423 508 3496 filius
533 3421 610 3519 ejus
628 3420 767 3494 insidiis
787 3423 988 3519 petebatur.
1039 3421 1083 3492 In
1102 3422 1172 3494 hoc
1188 3446 1242 3495 re-

193 3567 277 3616 rum
302 3565 450 3615 suarum
478 3547 575 3614 statu
600 3539 678 3636 ipse
695 3539 969 3636 tempestatibus
993 3538 1151 3635 jactatus
1181 3539 1241 3611 do-

193 3685 294 3733 mum
312 3660 415 3746 redit,
431 3669 468 3732 ct
484 3659 629 3756 agnitus
647 3683 668 3730 a
685 3682 835 3731 suorum
848 3656 1065 3754 quibusdum
1081 3654 1242 3728 inimicos

191 3777 355 3852 adoritur
370 3786 407 3850 et
424 3775 610 3862 interimit,
628 3776 707 3872 ipse
724 3798 847 3872 sospes
865 3798 986 3846 rerum
1003 3771 1152 3869 potitur.

242 3895 367 3992 Atque
383 3893 480 3967 intra
496 3895 575 3981 hos,
588 3893 719 3990 inquit,
738 3890 870 3964 limites
883 3889 981 3986 jacet
995 3887 1106 3960 totius
1124 3887 1241 3982 operis

190 4037 335 4109 eorpuS,
365 4022 492 4085 caetera
523 4019 608 4084 sunt
638 4008 807 4106 Episodia
835 4003 989 4102 augendi
1017 4003 1242 4101 ornandique

190 4127 373 4203 Poematis
389 4153 499 4204 causa
515 4125 665 4201 adscita.
969 4132 974 4143 ‘

230 4366 241 4408 ¹
260 4369 460 4440 Aristum,
473 4389 500 4431 c.
516 4373 544 4427 8.
647 4373 660 4408 ¹
680 4362 768 4436 Ibid.‚
785 4382 812 4423 ο.
829 4380 877 4438 23.
972 4357 987 4399 ¹²
1008 4358 1095 4434 Ibin,
1111 4379 1136 4422 ο.
1156 4378 1201 4439 ¹7·
