3058 4902
567 311 777 361 PRAELEOTIO
806 314 983 363 arcannm.
1240 307 1304 370 339

245 459 290 532 iis
308 484 389 556 quae
407 458 551 532 infimas
571 466 692 555 partes
716 467 840 556 agunt,
859 485 964 534 suum
984 463 1104 535 locum
1123 473 1159 536 et
1177 465 1305 559 agendi

246 577 345 649 vices
363 584 536 672 tanquam
557 577 674 650 bonus
692 578 811 674 pictor
827 590 910 674 apte
928 585 965 651 et
984 579 1143 652 moribus
1161 606 1302 666 accom-

247 694 395 766 modate
426 694 626 789 dispertiat.
679 694 803 791 Atque
833 696 904 767 hoc
933 696 1065 768 iterum
1097 705 1152 770 est
1183 699 1304 772 fabulo

246 835 366 884 mores
385 810 556 883 intexere.
585 811 721 884 Modus
736 823 857 885 autem
871 813 1042 908 loquendi
1055 826 1091 887 et
1104 817 1233 907 agendi
1249 821 1305 902 (ot

244 927 389 999 redeam
417 928 608 1024 paululum
635 928 671 999 in
699 929 864 1023 vestigia)
892 936 972 1001 tum
1002 930 1157 1002 maxime
1187 957 1303 1005 mores

246 1045 418 1141 exprimit
438 1047 499 1118 nbi
517 1047 678 1141 impense
696 1053 807 1143 atque
824 1046 953 1120 acriter
970 1048 1047 1119 sine
1066 1049 1140 1120 ulta
1157 1056 1304 1121 cuncto·

247 1168 347 1236 tione
376 1189 432 1236 res
461 1164 620 1260 geritur:
643 1165 717 1260 jam
742 1174 824 1237 tum
850 1165 944 1237 enim
971 1167 1136 1238 videmur
1157 1191 1230 1239 non
1258 1191 1303 1239 ex

246 1282 416 1376 praesenti
442 1282 594 1355 consilio
620 1305 737 1376 agere,
757 1283 820 1354 sed
842 1307 886 1355 ex
913 1282 1099 1355 affectibus
1126 1294 1163 1355 et
1188 1283 1303 1380 opini-

246 1397 379 1471 onibus
398 1423 479 1495 quae
503 1408 625 1472 ratum
643 1400 775 1472 habent
802 1401 839 1472 in
858 1400 1064 1496 pectoribus
1083 1401 1217 1472 nostris
1235 1399 1302 1472 im-

247 1515 400 1610 perium,
431 1538 513 1611 quae
541 1515 775 1588 dominantur
803 1515 926 1611 potius
955 1515 1061 1587 rebus
1092 1540 1201 1611 quam
1232 1515 1303 1587 illis

245 1631 510 1728 obsequuntur.
552 1633 800 1727 Agamemnon
820 1633 855 1702 in
875 1633 954 1716 loco
973 1632 1209 1728 supracitato
1228 1657 1303 1724 non

245 1754 322 1820 tam
357 1748 515 1844 exquirit
549 1749 637 1844 quid
671 1751 813 1820 valeant
849 1748 998 1844 Chrysae
1032 1774 1156 1843 preces
1193 1774 1301 1844 quam

245 1865 370 1936 statim
400 1889 445 1936 ex
475 1864 586 1938 insita
615 1867 783 1961 superbia
810 1872 847 1937 et
877 1867 972 1937 tastu
1001 1865 1113 1937 animi
1141 1891 1215 1938 rem
1243 1866 1302 1938 de·

245 1983 437 2054 cernit:-

405 2084 491 2139 Ἀλλὰ
505 2089 587 2141 κακῶς
601 2084 684 2156 ἀφίει,
700 2085 823 2156 κρατερὸν
836 2085 859 2140 δ’
873 2085 916 2140 ἐπὶ
929 2085 1154 2154 pertentantem.

246 2212 410 2287 Achilles
433 2213 569 2308 pariter
586 2213 623 2284 in
647 2216 703 2284 1¹³⁰
721 2212 854 2284 lliados
880 2213 972 2285 libro
999 2236 1137 2285 moram
1163 2213 1304 2286 consilii

245 2329 413 2427 capiendi
438 2354 512 2403 non
532 2329 602 2402 fert
627 2329 688 2402 sed
716 2354 760 2402 ex
782 2329 931 2402 andacia
949 2340 986 2402 et
1011 2329 1150 2425 ingenti
1175 2329 1304 2426 spiritu

246 2446 437 2520 Calchanti
454 2445 578 2519 statim
598 2447 847 2542 patrocinatur
861 2477 923 2516 :-

433 2590 577 2664 Θαρσὴσας
590 2592 662 2659 μάλα
675 2591 731 2645 εἰπὲ
746 2591 902 2662 θεοπρόπιον
916 2589 941 2658 d,
954 2611 979 2643 τι
993 2585 1073 2644 οἶσθα
1081 2593 1103 2644 ¹¹.

247 2717 422 2792 Similiter
448 2729 601 2815 uterque
632 2717 727 2790 inter
753 2717 1003 2791 altercandum
1030 2741 1073 2788 cx
1105 2715 1148 2787 iis
1180 2715 1302 2810 potins

246 2865 328 2936 quae
357 2837 479 2910 animo
509 2862 577 2910 suo
605 2863 714 2934 quam
743 2862 822 2936 quae
853 2837 1034 2911 occasioni
1064 2835 1133 2934 ipsi
1162 2835 1304 2908 inerant

246 2980 324 3028 rem
343 2956 530 3052 dijudicat.
585 2954 666 3028 Hac
691 2957 813 3051 itaque
830 2953 969 3027 ratione
994 2979 1115 3027 earum
1136 2977 1303 3051 persona·

247 3099 329 3146 rum
349 3072 515 3145 notitiam
534 3097 616 3170 quae
640 3072 776 3169 primos
802 3077 923 3168 partes
941 3080 1055 3168 agunt
1072 3079 1108 3144 et
1134 3073 1201 3144 sub
1224 3071 1304 3170 ipso

246 3189 350 3263 initio
385 3189 506 3285 operis
540 3189 671 3262 debent
706 3187 832 3260 lectori
866 3187 1103 3275 innotescere,
1136 3189 1303 3261 notitiam

217 3305 364 3404 ¹aperit
379 3306 493 3379 Poeta
517 3313 555 3379 et
580 3306 782 3379 confirmat.
836 3304 883 3378 In
901 3306 1101 3378 minoribus
1127 3306 1223 3380 idem
1249 3306 1303 3378 fit.

247 3422 493 3520 TlepolemuS,
512 3424 653 3519 generis
672 3424 899 3496 nobilitatem
923 3448 996 3520 prae
1023 3449 1061 3496 se
1086 3425 1215 3509 sereno,
1235 3423 1304 3495 alia

248 3540 372 3613 omnia
397 3539 547 3612 consilia
572 3539 677 3612 nihili
703 3539 812 3612 habet
837 3541 901 3612 ubi
930 3541 1026 3613 hunc
1052 3565 1159 3613 suum
1192 3539 1304 3612 animi

247 3657 414 3731 habitum
432 3681 646 3753 congressus
670 3681 752 3730 oum
772 3657 981 3754 Sarpedone
998 3656 1099 3731 Jovis
1124 3658 1198 3730 filio
1222 3681 1301 3730 sus-

245 3775 410 3849 citaverit
425 3806 487 3848 :—

404 3878 562 3946 revtdpwoa
576 3877 606 3933 δέ
617 3901 650 3934 σε
664 3879 734 3949 φασὶ
749 3879 811 3934 Διὸς
824 3879 902 3950 γόνον
914 3878 1042 3950 αἰγιόχοιο
1133 3881 1141 3898 ’

408 3969 480 4030 Eiron
488 3979 509 4029 ⁰.

245 4075 384 4151 Eadem
409 4101 493 4150 cum
512 4077 799 4173 promptitudine
817 4075 913 4172 Ajax
939 4074 1084 4147 sortitas
1111 4072 1302 4170 singularis

244 4192 453 4267 certaminis
471 4195 568 4266 vices
586 4194 721 4290 excipit
733 4227 793 4265 :—

285 4351 303 4374 ’·
325 4341 370 4400 Il.
387 4358 416 4402 n.
435 4358 481 4419 ²5·
667 4351 679 4374 ¹¹
701 4341 777 4402 Ibid.
796 4345 841 4419 85.
1017 4348 1028 4370 ⁰
1050 4339 1128 4400 Ibid.
1146 4355 1175 4400 n.
1192 4346 1261 4419 635.

749 4467 767 4511 z
787 4445 808 4512 2
