3058 4908
437 351 648 401 rnnmcrro
671 350 971 411 necrus-owner.
1168 335 1232 401 265

182 523 300 598 neque
326 498 358 574 si
382 523 444 574 eos
469 501 629 574 secundo
654 500 692 573 in
714 501 795 574 loco
820 499 923 597 ponit
940 498 1154 574 Aristoteles
1179 499 1231 574 id-

184 618 279 692 circo
306 641 382 715 prae
409 617 531 692 fabula
557 617 660 692 nihili
687 617 817 692 habet:
847 619 910 692 sed
937 643 1020 692 cum
1048 617 1120 692 sint
1141 617 1227 691 sub-

184 736 335 810 limioris
368 759 518 833 poeseos
547 760 633 809 vera
660 741 768 822 meta,
797 760 845 808 ex
877 735 948 810 illis
983 736 1071 809 scite
1106 735 1228 809 distri-

183 852 336 927 buendis
370 860 408 927 et
441 852 536 926 inter
570 877 608 926 se
638 851 878 926 devinciendis
912 852 1043 925 fabulae
1074 852 1230 950 dignitas

184 970 367 1044 accrescit.
420 969 498 1043 Nec
522 995 608 1044 vero
634 994 796 1066 personae
823 969 1024 1042 Homericae
1049 969 1087 1043 in
1113 969 1226 1044 Iliade

185 1086 306 1160 minus
348 1085 622 1182 conspiciuntur
664 1109 774 1182 quam
816 1085 844 1157 si
885 1108 1034 1182 operose
1084 1086 1120 1158 in
1157 1087 1228 1160 sin·

185 1202 279 1299 gulis
306 1203 546 1278 describendis
572 1204 790 1277 elaborasset
806 1201 929 1291 Poeta,
948 1202 1022 1277 imo
1048 1227 1091 1277 eo
1116 1203 1230 1300 magis

186 1321 306 1394 nitent
323 1347 396 1418 quo
413 1321 527 1418 magis
543 1321 639 1396 inter
657 1346 696 1395 se
721 1320 963 1395 conserantur.
1018 1320 1117 1404 Quin
1135 1332 1171 1395 et
1194 1320 1233 1395 in

186 1441 425 1535 confingenda
446 1465 566 1514 rerum
593 1439 682 1514 serie
708 1439 782 1514 suis
800 1441 1023 1537 temporibus
1049 1441 1232 1515 consuluit

186 1555 381 1632 Homerus.
435 1555 477 1630 ln
495 1557 698 1655 periculoso
721 1556 792 1629 isto
809 1581 928 1630 rerum
947 1569 1047 1631 statu
1064 1557 1115 1631 rei
1139 1557 1231 1653 poli-

185 1671 266 1746 ticae
292 1684 329 1747 et
354 1674 487 1748 artium
505 1674 578 1748 fere
604 1675 768 1747 omnium
792 1673 895 1747 initio
921 1699 1066 1749 necesse
1091 1681 1167 1748 erat
1188 1675 1235 1748 ad

145 1771 152 1788 ⁶
186 1791 362 1888 primores
380 1793 551 1890 quosdam
577 1792 703 1889 populi
729 1815 910 1864 summam
936 1817 1055 1865 rerum
1078 1793 1234 1867 recidere

186 1911 251 2008 qui
268 1911 405 2008 ingenti
422 1921 543 1985 essent
559 1911 690 2008 spiritu
708 1921 745 1984 et
762 1911 1020 1984 authoritatem
1038 1935 1140 1984 suam
1157 1935 1234 1984 non

187 2038 264 2102 tem
294 2028 518 2103 haereditario
545 2029 627 2126 jure
658 2053 765 2125 quam
793 2026 1011 2125 praecellenti
1032 2029 1168 2102 virtute
1195 2035 1233 2102 et

186 2145 329 2244 imperii
354 2147 552 2220 reverentia
575 2151 784 2220 tuerentur:
812 2171 886 2219 non
909 2147 1019 2242 igitur
1037 2145 1138 2220 aliter
1155 2147 1231 2221 Ho-

188 2263 330 2337 mericae
356 2265 472 2339 aetatis
499 2264 646 2361 publica
671 2265 748 2337 vita
774 2265 1022 2338 adumbranda
1051 2271 1139 2352 erat,
1166 2263 1235 2340 nisi

187 2380 228 2453 in
250 2379 311 2454 illa
335 2382 456 2455 fabula
482 2406 562 2479 quae
588 2405 825 2477 personarum
853 2381 1063 2454 varietatem
1089 2381 1236 2454 haberet

188 2505 227 2572 et
244 2523 305 2571 eos
323 2499 461 2596 ingenti
478 2499 748 2575 concertatione
766 2498 860 2572 inter
877 2524 915 2572 se
933 2508 1125 2572 exerceret.

240 2615 351 2690 Hisce
381 2620 431 2691 ita
457 2619 620 2694 confictis
648 2620 795 2714 longam
824 2617 1089 2704 Narrationem,
1113 2628 1157 2691 ut
1186 2619 1238 2692 ait

191 2733 361 2809 Comicus
378 2736 579 2826 Philemon,
599 2748 786 2833 utcunque
805 2737 841 2808 iu
860 2737 938 2809 aliis
956 2736 1141 2810 fastidium
1157 2759 1238 2810 mo-

188 2863 272 2926 veat
289 2852 326 2925 in
344 2852 505 2929 Homero
523 2856 689 2929 lubenter
706 2851 866 2950 patimur
878 2884 939 2925 :-

386 3009 437 3063 Τὸν
449 3007 483 3077 μὴ
497 3007 607 3080 λέγοντα
620 3010 666 3062 τὸν
679 3008 789 3062 δεόντων
801 3006 865 3077 μηδὲ
879 3003 914 3070 ἕν,

390 3107 495 3176 Μακρὸν
507 3107 600 3173 νόμιζε,
615 3105 661 3160 κᾶν
675 3102 715 3160 δυ’
729 3102 787 3174 εἴπῃ
802 3104 948 3170 συλλαβὰς.

389 3201 462 3259 To'vd'
477 3203 505 3257 εὖ
519 3203 630 3276 λέγοντα
643 3203 677 3273 μὴ
690 3202 774 3273 νόμιζ’
789 3195 853 3257 εἶναι
866 3203 972 3272 μακρὸν,

392 3301 460 3371 Μηδ’
475 3303 498 3356 εἱ
513 3301 609 3374 σφοδρ’
625 3300 683 3371 εἴπῃ
696 3302 786 3357 πολλὰ
799 3301 841 3355 rol
853 3300 939 3356 πολὺν
950 3299 1053 3371 χρόνον·

388 3403 528 3473 Τεκμήριον
541 3401 569 3455 δὲ
583 3400 658 3454 τοῦδε
670 3402 716 3454 τὸν
725 3397 842 3470 Ὀμηρον
854 3399 932 3464 λάβε,

390 3497 472 3555 Οὗτος
484 3499 536 3571 γὰρ
550 3497 610 3566 ἡμῖν
621 3497 747 3569 μυριάδας
760 3497 828 3551 ἒπῶν
840 3495 939 3568 γράφει

390 3595 541 3664 ’altstete'
555 3591 591 3652 εἷς
601 3593 718 3666 Ὅμηρον
731 3589 831 3666 εἴρηκεν
842 3593 940 3662 μακρὸν
948 3594 969 3643 ⁰.

242 3724 303 3797 Ad
328 3745 509 3796 summam
526 3718 680 3815 denique
707 3727 848 3790 tantam
875 3737 997 3787 rerum
1016 3712 1147 3784 molem
1166 3717 1241 3783 tam

192 3852 290 3915 arcte
319 3839 412 3912 inter
442 3862 480 3911 se
511 3835 725 3922 devinxisse,
757 3841 811 3906 tot
842 3830 1003 3928 personis
1034 3829 1072 3900 in
1102 3853 1175 3900 una
1204 3833 1242 3900 et

193 3959 348 4055 simplici
375 3956 531 4029 Actione
566 3976 651 4027 suas
685 3959 804 4049 partes
835 3945 1059 4022 distribuisse
1088 3944 1157 4017 viri
1186 3950 1243 4017 est

193 4075 255 4172 qui
281 4081 319 4147 et
335 4073 503 4146 humenae
521 4071 604 4144 vitae
631 4070 810 4143 rationem
836 4077 873 4140 et
898 4088 1046 4139 cursum
1062 4069 1100 4136 et
1125 4059 1241 4159 legiti-

192 4218 291 4267 mam
307 4193 394 4266 artis
412 4216 576 4265 normam
594 4187 833 4294 percalluerit.

509 4349 519 4372 ⁰
539 4359 568 4419 p.
588 4339 653 4415 346,
671 4325 750 4396 Edit.
767 4335 842 4396 Clnr.
