3058 4908
271 315 337 378 258
531 325 743 375 ramcrcrro
764 323 1065 384 acerna-curura,

272 499 389 548 acrem
406 475 621 573 injuriarum
644 500 790 550 suarum
809 497 957 548 sensnm
982 499 1057 572 prae
1079 497 1118 546 sc
1134 471 1205 547 fert
1217 502 1227 560 ;
1254 475 1318 548 ad·
1402 549 1405 554 ,

271 594 364 665 dunt
393 617 431 666 se
458 593 619 667 veterani
648 593 781 667 milites
812 593 1029 666 Idomeneus
1059 598 1096 665 ct
1122 589 1318 680 Meriones,

271 709 360 782 adeo
378 718 419 783 ut
444 709 575 784 iterum
599 711 728 807 pedem
746 710 903 784 reserant
919 711 977 783 vel
1002 711 1130 782 saltem
1155 707 1194 781 in
1210 733 1320 783 cursu

271 850 339 901 suo
373 828 532 902 haereant
563 829 722 925 Trojani,
757 833 944 924 uteunque
977 838 1104 900 contra
1136 827 1322 900 enitantur

271 941 487 1040 Deiphobus
513 955 549 1018 et
566 945 706 1018 AEncas
722 955 759 1020 et
784 942 1128 1040 Hector—magnus
1152 942 1214 1016 illc
1228 942 1319 1016 Tro·

265 1059 344 1156 jani
360 1060 484 1136 martis
500 1063 644 1135 vindex.

320 1175 362 1250 L.
381 1181 435 1250 14.
463 1178 638 1252 Nondum
660 1189 781 1252 autem
806 1179 955 1252 fortune
970 1178 1056 1251 belli
1074 1177 1209 1252 Graecis
1229 1177 1319 1252 satis

271 1292 386 1383 savct;
405 1296 449 1368 ed
460 1296 556 1392 ipsas
568 1321 678 1371 neves
689 1295 1319 1391 dimicatur—spectaculumAchilli

269 1420 413 1507 grotum
427 1421 470 1487 ut
487 1438 532 1487 ex
549 1439 611 1488 ore
626 1413 792 1488 Nestoris
806 1412 937 1488 diserte
954 1412 1119 1509 loquitur
1131 1413 1242 1488 Poeta
1255 1436 1320 1484 :-

466 1553 593 1628 'Arprffiffi
608 1558 653 1610 νῦν
665 1555 697 1623 δὴ
710 1577 761 1610 που
773 1554 916 1625 Ἀχιλλῆος
929 1555 1008 1609 ὀλοὸν
1021 1555 1070 1626 κῆρ

471 1651 548 1720 Γηθεῖ
560 1651 597 1705 ἐνὶ
611 1649 753 1721 στήθεσσι,
766 1653 850 1724 φόνον
863 1652 904 1706 καὶ
918 1649 1004 1721 φύζαν
1016 1649 1130 1722 Ἀχσιόν

466 1750 660 1821 Δερκομὲνου“.

268 1873 390 1948 Duces
407 1874 519 1972 igitur
536 1873 744 1948 vulneribus
762 1899 889 1970 graves
906 1874 952 1948 ad
970 1897 1057 1948 suos
1074 1873 1315 1948 cohortandos

268 1994 460 2088 prodeunt,
479 1994 626 2066 tandem
651 1993 805 2066 artificio
829 1993 852 2064 J
855 1992 984 2066 unoais
1011 1991 1200 2088 consopito
1223 1992 1318 2064 Jove

268 2110 406 2185 Hector
426 2112 471 2184 ab
495 2113 605 2207 Ajace
632 2111 788 2206 graviter
808 2133 1003 2207 percussus
1031 2134 1077 2183 ex
1103 2110 1228 2205 praelio
1254 2110 1318 2182 dc-

267 2235 446 2325 portatur,
465 2237 502 2301 ct
519 2228 757 2325 Trojanorum
774 2249 905 2324 magna
920 2228 963 2300 fit
979 2227 1106 2300 caedes.

319 2346 360 2418 L.
377 2349 433 2419 15.
463 2345 534 2419 Sed
562 2345 641 2418 haec
674 2346 713 2418 in
742 2352 888 2442 tempus
917 2351 1072 2418 tantum.
1136 2341 1317 2440 Experge·

269 2463 386 2538 factus
420 2489 465 2538 ex
500 2487 628 2537 somno
660 2462 806 2560 Jupiter
834 2461 988 2536 Achillis
1021 2469 1059 2534 et
1093 2459 1227 2536 decreti
1260 2462 1318 2536 sui

268 2581 433 2655 meminit
455 2586 493 2655 et
518 2581 683 2680 promissi
708 2605 792 2678 erga
807 2581 999 2654 Thetidem
1009 2587 1036 2652 ¹.
1089 2579 1218 2677 Itaque
1234 2604 1316 2677 rap-

267 2699 336 2772 tim
354 2699 568 2796 Neptunum
594 2724 638 2772 ex
662 2699 737 2772 ecie
761 2706 917 2773 revocat.
970 2696 1124 2770 Hectori
1150 2698 1317 2772 deficien-

266 2823 343 2891 tem
370 2817 529 2890 animam
558 2817 688 2904 reddit,
718 2826 826 2914 atque
855 2840 954 2889 cum·
974 2814 1078 2887 novis
1107 2814 1244 2888 viribus
1278 2815 1318 2888 in

267 2958 427 3031 pugnam
445 2933 620 3006 immittit.
673 2932 817 3029 Trojani
839 2933 990 3028 exsuge
1012 2955 1136 3004 rursus
1153 2931 1318 3006 conversi

268 3074 377 3124 naves
401 3060 438 3123 et
463 3061 582 3124 castra
602 3063 815 3148 oppugnant
827 3082 837 3139 ;
864 3050 914 3123 ibi
940 3057 978 3123 et
1003 3074 1071 3122 suo
1094 3049 1255 3145 periculo
1280 3061 1319 3124 et

266 3168 450 3264 grandaevi
467 3167 632 3242 Nestoris
658 3168 824 3265 precibus
847 3169 1020 3242 commoti
1038 3167 1180 3241 fortiter
1196 3191 1235 3240 se
1255 3191 1317 3240 ex·

266 3295 389 3360 ercent
407 3283 538 3372 Graeci,
557 3287 620 3358 sed
647 3286 743 3360 malo
760 3287 903 3375 ominc;
930 3285 1045 3381 magis
1071 3290 1181 3381 etque
1205 3283 1317 3380 magis

265 3408 449 3500 grassatur
476 3401 617 3475 Hector
646 3412 684 3476 et
713 3426 804 3475 nave
836 3403 999 3475 hostium
1028 3401 1168 3497 potitus
1198 3400 1318 3498 ignem

266 3519 351 3594 ferri
378 3519 485 3617 jubet
520 3521 609 3594 dum
635 3521 730 3616 Ajax
764 3519 840 3619 ipse
874 3519 1167 3616 indignabundus
1200 3517 1318 3616 impar

265 3645 448 3712 certamen
466 3637 527 3710 vix
544 3644 679 3712 tuetur.
732 3637 883 3712 Viderat
908 3637 986 3710 haec
1003 3636 1192 3710 Patroclus
1216 3637 1317 3710 etad

265 3755 445 3830 Achillem
462 3755 602 3828 rediens
625 3755 716 3828 nihil
738 3757 959 3828 intentatum
975 3753 1176 3852 relinquere
1192 3777 1317 3828 secum

266 3874 472 3947 decreverat
497 3897 570 3970 quo
596 3897 679 3946 eum
705 3873 743 3945 in
768 3872 944 3947 auxilium
963 3870 1175 3946 Graecorum
1200 3871 1317 3946 susci·

266 3999 358 4066 taret
376 4000 412 4065 et
429 4014 472 4064 eu
488 4013 599 4089 quam
616 3989 693 4087 ipse
715 3997 930 4087 conceperat
955 3987 1200 4064 misericordia
1215 4013 1316 4062 com·

267 4116 440 4182 moveret.

316 4223 401 4298 Huc
417 4248 534 4320 usque
550 4223 661 4322 igitur
678 4226 787 4300 unius
804 4221 1083 4300 concertationis
1100 4246 1181 4322 quae
1197 4221 1315 4298 varias

383 4377 397 4401 ¹
414 4368 460 4428 Il.
474 4380 505 4430 Ξ.
525 4387 588 4446 ¹³9·
850 4381 862 4406 ¹
882 4392 909 4432 v.
925 4391 973 4452 74,
988 4371 1108 4446 iterum,
1125 4372 1193 4451 598.
