3058 4908
516 299 727 350 remansero
750 299 952 349 nannenus.
1202 293 1264 356 199

207 467 423 564 pronuntiat
450 450 702 555 Strabo-rriv
724 449 914 554 μένῚᾶδα
940 459 985 562 τῇ
1012 458 1156 564 audate
1176 455 1264 537 Ἀτ·
1311 484 1316 492 “

207 588 282 668 θίδι
305 582 375 688 τὴν
400 583 516 687 αὐτὴν
538 583 815 694 patries—non
837 597 934 670 enim
957 603 1093 672 temere
1119 605 1156 672 et
1179 598 1265 672 data

206 737 317 808 opera
340 713 579 810 aMetropoli
607 737 674 787 sua
699 713 931 789 desciverunt
954 715 1073 803 Ioues,
1093 715 1157 789 sed
1181 739 1263 789 sen-

207 829 276 904 sim
303 840 340 903 et
366 831 467 904 lento
496 830 613 926 gradu
648 831 851 904 molliorem
880 839 919 906 et
953 834 1114 906 solutum
1147 832 1263 928 magis

206 971 413 1021 sermonem
429 946 551 1044 adepti
576 953 674 1021 sunt.
729 946 848 1020 Etiam
868 947 946 1047 ipse
966 949 1176 1024 Herodotus
1193 949 1263 1022 At-

204 1065 301 1150 ticis,
337 1088 427 1162 quas
460 1070 604 1153 vocant,
634 1065 808 1162 loquendi
842 1065 1008 1140 formulis
1043 1091 1117 1140 non
1151 1081 1260 1141 earet.

206 1180 344 1255 Pariter
368 1182 506 1255 interea
531 1181 576 1254 ab
602 1182 753 1278 antiqua
778 1181 903 1279 lingua
926 1185 1166 1258 deflectebant
1192 1184 1262 1281 ipsi

205 1298 324 1372 Attici
350 1299 511 1373 studiose
538 1298 606 1372 sibi
633 1323 677 1371 ex
705 1299 867 1396 qualibet
896 1301 1041 1397 regione
1067 1301 1263 1374 verborum

205 1431 422 1525 elegantiam
447 1414 884 1530 conquirentes-dordr
908 1417 977 1520 τὴν
1000 1427 1132 1501 πᾶσαν
1153 1417 1262 1500 ἀκού-

206 1584 311 1635 οντες
338 1547 562 1656 ἐξελέξαντο
593 1552 704 1630 τοῦτο
731 1548 801 1651 μὲν
833 1551 874 1632 ἐκ
902 1554 980 1650 τῆς,
1010 1551 1120 1631 τοῦτο
1150 1545 1191 1628 δὲ
1223 1551 1264 1628 ἐκ

205 1675 302 1780 erist
356 1689 556 1786 Antiquam
582 1689 694 1787 igitur
710 1689 810 1764 illam
828 1689 990 1786 linguam
1007 1690 1105 1787 apud
1125 1689 1261 1762 Home-

204 1827 289 1876 rum
317 1803 478 1876 invenire
505 1803 594 1876 mihi
621 1805 759 1894 videor,
784 1830 805 1878 a
829 1803 962 1878 Dorico
991 1828 1157 1878 sermone
1183 1805 1262 1900 jam

204 1927 311 1992 antea
336 1921 550 2016 sejunctam,
568 1920 629 1993 vix
654 1931 778 1995 tamen
805 1921 925 1995 adhuc
950 1921 987 1994 in
1014 1923 1151 2019 species
1177 1945 1262 1996 suas

207 2038 383 2126 (Atticam
402 2037 481 2110 dieo
499 2047 535 2111 et
552 2036 715 2111 Ionioam
733 2037 940 2128 dialectum)
962 2037 1126 2112 divisam.
1163 2039 1263 2112 Hinc

204 2153 294 2227 adeo
312 2155 515 2227 necessario
541 2155 639 2252 apud
657 2155 859 2229 Homerum
886 2161 1013 2228 extant
1039 2157 1154 2229 multa
1171 2155 1262 2229 utri·

204 2295 275 2368 que
298 2271 517 2360 communia,
535 2272 712 2370 principia
737 2273 872 2346 scilieet
897 2272 1088 2371 utriusque
1104 2272 1260 2369 linguae3

203 2413 322 2485 neque
346 2389 386 2463 in
408 2388 571 2463 miseram
595 2391 696 2463 illam
720 2401 757 2464 et
782 2390 942 2488 ineptam
966 2393 1182 2464 sententiam
1201 2391 1262 2464 de·

202 2506 276 2579 labi
293 2531 385 2603 opus
411 2515 479 2593 est,
498 2504 648 2579 Poetam
674 2513 827 2581 ornatus
852 2508 971 2603 gratia
997 2532 1041 2580 ex
1058 2507 1169 2580 variis
1187 2508 1261 2580 dia·

202 2623 305 2696 lectis
323 2647 427 2696 suam
444 2623 618 2719 loquendi
635 2623 813 2697 rationem
830 2622 1028 2710 consuisse,
1047 2623 1100 2695 ita
1116 2632 1209 2695 ut-

519 2795 562 2808 -
578 2767 598 2797 “
609 2781 664 2822 neo
677 2781 730 2842 pes
744 2782 800 2823 neo
814 2765 906 2842 eaput
921 2761 974 2820 uni

443 2857 601 2920 Reddatur
613 2858 745 2920 lorma.''

202 3022 271 3070 neo
296 2996 447 3072 miretur
472 2998 665 3096 quisquam
691 2997 721 3072 si
747 3009 786 3071 et
803 2995 946 3070 Doricis
970 3007 1008 3068 et
1025 2993 1180 3068 AEolicis
1207 2995 1261 3066 lo-

202 3115 336 3213 quendi
363 3115 528 3189 formulis
554 3139 816 3211 nonnunquam
843 3121 980 3202 utatur,
1000 3137 1074 3210 quo
1095 3114 1190 3187 enim
1208 3137 1262 3187 re·

200 3232 347 3307 motiori
373 3232 411 3304 in
437 3234 656 3330 antiquitate
683 3256 884 3319 versamur,
909 3257 952 3306 eo
982 3231 1134 3330 propius
1160 3255 1261 3306 com·

200 3350 326 3424 munia
348 3351 634 3448 uniuscujusque
657 3350 813 3424 Dialeoti
838 3349 1015 3448 principia
1040 3349 1261 3444 attingamus

200 3492 347 3541 neeesse
373 3473 451 3554 est;
484 3492 556 3565 qua
586 3467 735 3561 quidem
760 3466 840 3564 ipsa
869 3467 913 3540 de
944 3490 1054 3540 causa
1078 3464 1261 3537 Homerus

202 3585 408 3660 Graecarum
434 3584 617 3658 literarum
642 3584 723 3657 sons
746 3594 802 3658 est
828 3585 971 3656 unicus.
1025 3581 1114 3653 Erat
1139 3579 1262 3676 itaque

200 3701 370 3776 Heroicae
395 3702 513 3776 aetatis
535 3726 789 3801 sermoneque
812 3699 1047 3797 imperfectus
1068 3721 1187 3796 neque
1204 3695 1259 3768 in-

200 3826 382 3917 comptus.

262 3936 345 4008 Jam
372 3935 480 4009 'vero
521 3959 641 4009 mores
682 3935 754 4008 fere
794 3933 988 4007 hominum
1028 3929 1261 4027 subsequitur

201 4077 334 4141 sermo,
353 4059 391 4126 et
410 4053 555 4126 easdem
582 4077 667 4127 cum
692 4050 765 4125 illis
782 4052 880 4123 vices
907 4046 1017 4122 subit.
1070 4046 1196 4120 Habes
1222 4048 1260 4120 in

199 4170 283 4244 vilae
324 4170 557 4268 simplicitate
593 4171 729 4268 linguae
767 4167 877 4242 etiam
918 4164 1188 4264 simplicitatem
1224 4178 1261 4240 et

240 4327 249 4352 ⁸
272 4317 381 4392 διώ,
398 4317 417 4378 1.
431 4317 492 4378 viii.
507 4338 537 4397 p.
556 4336 622 4394 333.
731 4319 739 4351 ²
759 4316 919 4396 Xenophon
933 4315 967 4376 do
982 4315 1091 4376 Attea.
1108 4315 1218 4394 nepus
