3058 4902
293 338 362 402 292
546 350 760 400 remancrro
783 349 1108 400 necrus-serrum.

295 507 377 574 tum
394 523 480 572 vero
505 497 542 571 in
569 497 765 595 majoribus
783 497 998 596 quibusdam
1022 495 1210 593 exemplis·
1226 493 1352 568 elabo-

294 627 352 689 rat
368 615 495 712 magis,
515 615 578 688 ubi
604 614 741 688 scilieet
757 615 987 710 Tlepolemus
1003 611 1176 686 Herculis
1198 609 1294 684 filins
1311 616 1354 684 et

296 727 416 801 Rhodi
441 727 608 801 conditor
630 728 856 813 vulneratur,
875 726 938 799 uhi
963 725 1147 821 Sarpedon
1172 749 1247 798 non
1272 723 1354 796 sine

295 841 456 939 supremi
498 841 600 914 Jovis
647 840 877 914 miseratione
919 839 1115 928 occumbit,
1159 839 1353 913 Patroclus

295 958 450 1031 Achillis
472 956 609 1031 amicus
626 967 663 1031 et
683 957 762 1052 ejus
780 957 819 1028 in
835 957 931 1030 bello
953 980 1165 1052 praecursor,
1183 979 1226 1029 ac
1248 955 1353 1028 deni-

296 1097 368 1170 que
402 1072 555 1158 Hector,
592 1081 649 1144 tot
682 1071 865 1144 laboribus
902 1077 1049 1144 strenue
1078 1071 1278 1168 pertimetis
1311 1076 1354 1144 et

173 1195 178 1204 '
295 1188 405 1284 Troja
423 1211 490 1260 sua
515 1187 623 1261 toties
640 1187 847 1274 vindicata;
876 1187 923 1260 ad
946 1186 1050 1259 illum
1066 1185 1190 1283 itaque
1214 1187 1353 1259 deflen-

296 1305 384 1378 dum
418 1305 600 1400 prodeunt
630 1302 792 1375 affinium
823 1312 860 1376 et
894 1303 1093 1376 amicorum
1123 1304 1231 1376 turba
1259 1325 1353 1396 quo-

295 1445 379 1494 rum
397 1420 623 1516 singulomm
637 1419 793 1490 fortunis
811 1443 879 1492 nos
895 1419 1064 1492 lubenter
1080 1418 1351 1508 immiscemus;

296 1536 462 1609 Priamus
496 1540 534 1607 et
563 1533 719 1607 Hecuba
752 1533 937 1608 carissimo
970 1534 1059 1622 filio,
1095 1535 1353 1609 Andromache

295 1654 474 1726 fidissimo
497 1651 640 1738 marito,
658 1656 696 1723 et
715 1651 827 1747 Troja
849 1675 917 1724 suo
933 1661 1206 1748 propugnatore
1222 1650 1353 1747 spolia-

297 1779 367 1842 tur.
404 1769 524 1841 Etiam
541 1767 620 1863 ipsa
633 1765 763 1839 Priami
780 1766 826 1838 ad
837 1766 1019 1839 Achillem
1035 1767 1253 1864 supplicatio
1269 1789 1354 1864 quae

296 1905 415 1972 totam
431 1898 546 1972 Iliada
570 1897 706 1970 claudit
726 1896 772 1970 ad
789 1896 995 1992 augendum
1012 1897 1084 1971 hoc
1108 1885 1227 1972 midos
1252 1922 1351 1971 com·

295 2021 454 2110 paratur.
505 2013 626 2086 Tanto
651 2037 739 2086 cum
763 2012 915 2087 artificio
941 2013 1041 2087 istud
1065 2012 1211 2087 Fabulae
1236 2038 1353 2109 genus

296 2131 528 2203 concinnavit
540 2128 651 2202 Poeta
669 2153 749 2226 quae
767 2128 918 2226 simplex
935 2136 1045 2203 estet
1063 2155 1109 2202 ex
1125 2131 1353 2226 gravioribus

297 2260 382 2332 vitae
400 2258 542 2332 casibus
559 2259 706 2355 pendet,
725 2251 828 2349 ἁπλῆ
849 2252 910 2329 καὶ
928 2245 1127 2350 παθητικὴ.

348 2387 512 2484 Odyssea
538 2387 685 2461 alterius
715 2397 771 2460 est
800 2386 954 2482 generis,
980 2377 1233 2481 πεπλεγμένη.
1287 2391 1354 2463 Et·

296 2503 456 2578 enimin
482 2504 637 2577 fortunis
662 2503 806 2600 Ulyssis
832 2513 869 2576 et
895 2503 1039 2576 iamiliae
1062 2503 1141 2599 ejus
1167 2505 1288 2578 subita
1308 2507 1354 2580 tit

296 2621 497 2708 conversio,
516 2626 617 2694 etex
644 2623 757 2694 altera
781 2630 883 2716 parte
908 2619 948 2692 in
972 2643 1166 2715 procorum
1183 2620 1351 2710 fortunis,

297 2775 378 2848 quae
391 2751 550 2848 Tragicae
565 2735 799 2846 rrspors'rsrar
817 2750 1086 2846 quodammodo
1099 2749 1217 2824 vicem
1230 2752 1352 2840 hahet,

297 2891 507 2966 quanquam
537 2868 583 2940 ad
617 2891 696 2940 eam
725 2867 907 2962 gradatim
940 2892 1007 2941 nec
1036 2867 1236 2964 improviso
1269 2894 1353 2967 per·

296 2984 477 3058 ducimur.
529 2983 713 3056 Caeterum
738 2983 776 3054 in
802 2983 997 3080 agnitionis
1014 3009 1085 3057 usu
1101 2983 1271 3082 frequens
1296 2991 1354 3059 est

297 3101 475 3198 Odyssea.
510 3101 750 3175 Telemachus
767 3100 971 3174 aMenelao
989 3103 1208 3198 agnoscitur,
1221 3101 1354 3176 iterum

296 3237 318 3287 a
336 3211 516 3301 Nestore,
541 3238 621 3309 quae
638 3212 842 3310 agnitiones
860 3238 1070 3310 quanquam
1086 3215 1185 3310 quod
1202 3217 1355 3288 modum

297 3328 430 3402 attinet
461 3336 538 3400 arte
565 3338 700 3417 carent,
725 3334 764 3402 at
792 3329 857 3402 ubi
883 3329 1020 3403 Nestor
1046 3331 1162 3404 filium
1191 3331 1354 3428 agnoscit

297 3449 408 3520 unius
430 3469 623 3542 procerum
648 3445 805 3519 istomm
821 3470 914 3542 quos
940 3471 1066 3519 omnes
1093 3453 1245 3544 patemo
1263 3472 1354 3544 quo·

297 3563 383 3634 dam
409 3561 540 3636 affectu
569 3561 811 3652 adamaverat,
834 3563 898 3637 ubi
919 3562 1109 3636 Menelaus
1134 3564 1213 3659 ejus
1238 3563 1354 3636 filium

297 3677 361 3776 qui
388 3677 553 3774 ejusdem
582 3678 721 3751 militiae
751 3689 788 3753 et
816 3680 984 3753 laborum
1013 3678 1193 3775 particeps
1222 3679 1354 3766 fuerat,

298 3819 373 3892 quo
392 3819 500 3868 nemo
521 3793 636 3891 magis
657 3806 804 3869 strenue
824 3805 862 3868 et
882 3805 1092 3870 constanter
1108 3819 1255 3868 causam
1277 3796 1355 3892 ejus

298 3917 581 4000 sustentaverat,
617 3937 692 3986 non
727 3913 860 3986 desunt
894 3923 990 3986 certe
1024 3937 1105 4008 quae
1139 3936 1356 4009 generosum

298 4027 461 4102 animum
478 4019 632 4121 tangant
648 4033 687 4100 et
710 4027 902 4102 oblectent.
957 4027 1130 4124 Sequitur
1147 4028 1277 4101 nobilis
1294 4028 1356 4100 illa

299 4142 443 4240 Ulyssis
460 4143 505 4214 ab
523 4141 677 4216 Alcinoo
703 4149 740 4216 et
765 4143 904 4217 caeteris
922 4142 1117 4218 Phaeacum
1140 4144 1268 4217 incolis
1293 4167 1355 4239 og·

299 4257 391 4330 nitio
421 4279 563 4328 summa
594 4258 681 4330 artis
711 4258 912 4331 subtilitate
945 4259 1157 4356 composita,
1190 4283 1276 4332 eum
1310 4282 1358 4332 ex

299 4374 380 4468 ipso
397 4393 520 4442 rerum
536 4395 644 4445 cursu
662 4397 729 4446 sua
745 4383 879 4469 sponte
892 4373 1025 4449 exoriri
1038 4377 1213 4451 videatur.
1244 4373 1355 4470 Igno-
