3058 4908
298 273 364 334 232
561 281 775 330 enarrarre
794 280 1092 330 narrar-rnarra

298 417 397 503 bant.
448 429 555 504 Tanti
581 436 685 504 erant
709 429 748 502 in
773 428 929 526 publicis
955 430 1064 526 rebus
1090 427 1244 503 Homeri
1269 453 1353 504 ane

295 545 436 634 toritas,
467 549 651 644 exemplar
679 545 816 621 scilicet
846 556 883 620 et
913 546 1099 619 institutio
1131 545 1293 636 Graeciae,
1323 546 1355 620 si

297 663 547 760 aThucydide
572 664 734 736 mutuari
760 661 886 736 fassit
910 663 1144 758 magnificam
1168 663 1268 737 illam
1291 689 1353 762 ap

296 779 530 874 pellationem
548 805 621 878 qua
639 780 804 852 Athenas
822 803 906 853 suas
923 786 1033 874 auget
1049 779 1241 854 Periclesl.

349 895 420 969 Sed
438 903 481 970 ut
495 895 673 970 Graeciam
690 897 841 970 missam
858 897 1047 984 faciamus,
1062 897 1109 969 ad
1126 920 1225 970 seros
1242 897 1353 970 etiam

296 1019 449 1108 nepotes
475 1013 602 1085 eadem
628 1013 821 1109 disciplina
845 1014 1015 1108 pertinet.
1066 1011 1148 1086 Nos
1172 1012 1282 1088 etiam
1306 1039 1353 1086 err

293 1128 422 1228 eadem
441 1135 549 1202 aetate
570 1135 607 1200 et
628 1129 755 1203 eadem
771 1130 894 1203 fabula
914 1129 1102 1203 erudiendi
1118 1153 1257 1214 sumus,
1276 1130 1354 1202 sive

295 1243 367 1316 illis
393 1244 433 1316 in
460 1244 613 1319 historia
643 1270 752 1319 sunm
779 1247 903 1320 locum
928 1245 1258 1342 adsignemus—ex
1283 1270 1355 1342 qua

296 1369 399 1456 parte
416 1361 462 1432 ad
487 1362 668 1458 populum
685 1367 853 1458 spectant
870 1361 1025 1435 fortunis
1044 1363 1119 1436 suis
1140 1369 1178 1434 et
1194 1363 1354 1436 scientiis

231 1477 233 1482 ’
296 1483 335 1548 et
369 1477 506 1550 artibus
540 1487 578 1550 et
616 1501 833 1574 magnorum
868 1478 1032 1552 virorum
1064 1485 1246 1576 proventu
1279 1503 1353 1574 prm

296 1593 434 1666 caeteris
460 1593 709 1683 nobilitatum,
729 1602 767 1668 et
792 1596 839 1667 ad
864 1618 950 1667 eum
975 1597 1155 1692 populum
1177 1593 1217 1667 in
1235 1595 1354 1691 primo

296 1711 421 1812 gloriae
439 1736 515 1786 suae
538 1713 663 1786 limine
686 1713 886 1787 haerentem
903 1720 941 1786 et
958 1713 1109 1786 vixdum
1133 1737 1283 1787 cursum
1298 1711 1352 1784 in·

295 1852 474 1922 gressum,
503 1829 593 1902 adeo
620 1841 663 1903 ut
690 1855 736 1904 ex
759 1829 831 1904 illis
857 1829 1003 1904 initium
1030 1828 1169 1903 Graecae
1195 1829 1352 1902 historiae

295 1957 392 2020 recte
421 1947 642 2021 sumendum
670 1948 730 2038 sit,
762 1948 813 2022 ita
843 1949 1030 2023 etiamad
1059 1973 1145 2022 eum
1174 1950 1352 2046 populum

298 2070 466 2160 spectant
494 2063 648 2138 Homeri
683 2067 844 2138 carmina
873 2077 915 2139 ut
948 2065 1099 2162 privatae
1128 2071 1163 2136 et
1197 2065 1353 2162 publicae

294 2181 383 2253 vitae
412 2182 591 2254 rationem
627 2181 732 2254 nobis
767 2181 1069 2278 explicent—seu
1098 2181 1199 2278 quod
1231 2181 1354 2278 potius

296 2306 352 2369 est
378 2297 490 2370 etiam
510 2299 721 2371 ulteriorem
747 2297 834 2372 hinc
859 2297 1021 2373 fructum
1048 2322 1246 2396 speremus,
1268 2322 1352 2396 qua-

295 2419 405 2487 tenus
431 2415 478 2487 ad
503 2439 623 2487 mores
650 2425 688 2488 et
712 2415 919 2489 universam
941 2414 1055 2488 vitam
1079 2415 1276 2490 humanam
1301 2440 1354 2488 re·

294 2534 379 2607 serri
406 2541 575 2630 possunt,
594 2540 632 2607 et
657 2535 703 2607 ad
728 2535 834 2608 illum
850 2535 936 2608 vitae
962 2541 1101 2611 statum
1119 2537 1183 2633 qui
1200 2536 1354 2610 difficilis

188 2665 192 2672 '
295 2659 352 2725 est
379 2663 416 2725 et
441 2654 604 2727 obscura
630 2655 845 2750 plerumque
870 2653 1042 2742 scientiae,
1070 2679 1203 2750 magno
1228 2661 1355 2728 tamen

295 2770 517 2844 documento
543 2794 622 2844 esse
647 2775 783 2866 potest,
811 2769 849 2842 in
875 2795 948 2868 qno
975 2771 1112 2844 scilicet
1136 2795 1182 2844 ex
1206 2770 1354 2844 incultra

295 2884 380 2958 vitae
397 2885 470 2958 situ
493 2890 531 2959 et
554 2886 721 2960 sordibus
747 2887 942 2983 prodibant
968 2887 1147 2976 homines,
1165 2893 1203 2960 et
1225 2887 1355 2962 audaci

295 3001 380 3074 nisu
415 3026 492 3076 sese
526 3003 737 3079 efferebant.
788 3003 923 3078 Veram
957 3003 1070 3100 igitur
1103 3004 1281 3079 habemus
1315 3015 1355 3078 et

295 3119 472 3192 sinceram
491 3120 661 3194 humanae
678 3121 811 3194 mentis
837 3121 1046 3218 imaginem,
1066 3147 1110 3194 eo
1127 3123 1191 3218 qui
1213 3121 1354 3219 magnis

296 3236 405 3308 rebus
424 3235 578 3309 sufficiat
594 3245 774 3335 apparatu
790 3238 986 3326 instincte,
997 3263 1067 3312 nec
1080 3264 1167 3312 vero
1184 3264 1206 3312 a
1222 3245 1354 3312 natura

295 3353 335 3425 in
357 3354 660 3427 consuetudinem
686 3367 722 3428 et
748 3357 1020 3430 commentitios
1045 3380 1164 3429 mores
1182 3356 1351 3452 delapsae.

295 3471 380 3544 Alia
395 3477 615 3568 tempestate
632 3474 692 3545 vel
717 3473 755 3544 in
772 3471 934 3546 barbarie
960 3471 1179 3546 delitescunt
1202 3473 1354 3546 humani

296 3588 434 3684 ingenii
458 3589 566 3677 virae,
585 3590 643 3661 vel
669 3587 782 3662 nimia
803 3597 882 3662 arte
907 3590 1099 3663 elaborata
1121 3590 1245 3663 fictam
1262 3614 1353 3686 quo·

297 3705 490 3780 dammodo
507 3731 699 3805 personam
718 3717 862 3802 gerunt.

349 3823 454 3897 Hanc
479 3826 591 3919 igitur
616 3824 763 3897 laudem
784 3823 862 3918 jam
889 3823 1030 3922 inipso
1056 3825 1209 3898 introitu
1236 3837 1353 3921 poeta

299 3939 561 4035 adjudicamus,
589 3940 744 4013 formam
772 3939 877 4014 illum
905 3948 943 4014 et
972 3940 1204 4014 stabilitatem
1231 3940 1353 4038 Epicae

298 4058 400 4153 poesi
423 4057 574 4147 dedisse,
594 4082 678 4132 cum
704 4082 753 4131 ex
777 4059 900 4132 fabula
925 4059 1025 4132 illam
1050 4060 1206 4155 pendere
1223 4058 1350 4146 voluit,

655 4308 666 4339 ¹
691 4297 830 4377 Thrrcyd,
848 4298 868 4358 l.
883 4298 913 4357 ii.
930 4319 955 4358 c.
971 4321 1000 4372 4.
