3094 4898
536 317 753 368 cananeum
774 316 921 368 onoma.
1193 310 1256 374 177

202 480 241 548 et
261 461 525 570 nonnunquam
548 470 728 544 contrario
751 471 835 567 plus
858 472 957 544 valet
979 471 1147 568 privatio,
1165 472 1257 546 nihil

203 591 300 665 enim
329 591 445 687 magis
475 588 635 661 deforme
664 590 720 660 est
750 609 859 683 quam
887 588 978 660 illud
1008 613 1031 662 a
1059 614 1131 686 quo
1159 590 1258 687 quod

203 722 396 819 pulchrum
420 722 477 793 est
502 713 651 790 omuino
682 707 858 808 abest—ri
881 705 955 812 γὰρ
982 708 1162 812 στέρησις
1191 713 1254 790 ἀν-

204 843 360 948 τίφασις
377 839 431 924 τίς
441 833 594 922 k—binc
610 847 700 920 illud
719 847 898 937 Herodoti
914 850 1023 922 toties
1044 860 1258 947 usurpatum

205 967 493 1074 rixam-pauca
520 979 617 1050 enim
646 987 733 1051 sunt
760 978 799 1049 in
830 977 963 1074 quibus
993 977 1083 1050 nihil
1114 979 1258 1074 pulchri

205 1102 315 1189 atque
343 1090 489 1165 venusti
515 1092 622 1179 inest,
655 1093 753 1188 quod
779 1089 888 1165 etiam
913 1091 1074 1166 imitatus
1100 1105 1155 1167 est
1175 1093 1257 1168 Vir·

205 1209 313 1304 gilius
325 1241 388 1284 :-

442 1339 483 1352 —
496 1311 515 1340 ‘⁴
525 1305 670 1386 tardamue
683 1305 769 1386 palus
782 1303 952 1366 inamabilis
965 1305 1046 1367 unda

442 1399 605 1479 Alligat1.”

207 1530 328 1627 Hujus
355 1531 466 1626 igitur
488 1529 677 1626 particulae
694 1530 731 1602 vi
756 1529 934 1603 contraria
958 1539 995 1604 et
1020 1531 1260 1628 privationem

206 1672 278 1745 qua
303 1649 389 1720 talia
414 1648 486 1720 sint
514 1646 752 1742 contemplari
778 1645 874 1735 licet,
895 1669 976 1743 quae
1002 1672 1126 1722 rursus
1152 1650 1183 1722 si
1208 1651 1262 1722 ita

208 1766 447 1862 contemplari
482 1765 572 1838 velis
608 1773 781 1860 tanquam
812 1764 959 1862 propria
988 1765 1104 1838 forma
1132 1766 1261 1841 induta

207 1882 278 1954 alia
295 1882 442 1954 nomina
459 1904 533 1953 non
551 1881 695 1953 desunt.
876 1885 885 1892 '

258 1995 399 2072 Rursus
417 2022 502 2070 cum
518 1996 738 2070 Substantiae
756 1998 826 2093 ipsi
844 1996 935 2069 nihil
952 2005 1006 2070 est
1024 2001 1258 2087 eontrarium,

207 2116 334 2188 audaci
351 2115 467 2210 figura
490 2119 693 2185 extremam
714 2113 814 2185 illam
837 2114 1078 2210 privationem
1099 2105 1259 2213 designa-

208 2235 298 2308 bant
316 2229 533 2332 Graeci,quae
552 2229 802 2303 Substantiam
829 2229 945 2326 ipsam
971 2233 1016 2305 ad
1034 2231 1188 2306 nihilum
1207 2257 1259 2306 re-

211 2363 331 2460 digere
357 2361 511 2435 videtur.
563 2359 666 2433 Talia
696 2366 784 2434 sunt
813 2359 875 2434 illa
906 2360 1110 2457 Sophoclis,
1137 2351 1261 2457 μήτηρ

210 2483 362 2587 ἀμήτωρ
374 2484 409 2579 ¹²²,
450 2480 574 2582 ἄδωρα
602 2483 702 2583 δῶρα
714 2491 741 2577 ¹²,
767 2476 905 2582 δικάζει
930 2476 996 2560 τὸν
1022 2479 1168 2582 ἄγαμον
1192 2478 1261 2582 γά·

207 2648 281 2714 μον
306 2609 424 2692 πάλαι
434 2619 569 2708 ⁰‚-vel
586 2627 629 2692 ut
654 2618 750 2691 idem
770 2618 885 2693 fusius
903 2619 1106 2717 Euripidesr,
1127 2610 1170 2691 οὐ
1192 2607 1261 2711 γά-

208 2776 282 2842 μον
308 2735 411 2819 attat
436 2737 501 2818 τιν’
529 2737 657 2818 droul.
711 2747 806 2820 Sunt
830 2746 940 2820 etiam
961 2747 1022 2820 alii
1048 2748 1158 2845 hujus
1183 2771 1260 2844 par·

210 2868 331 2941 ticulae
352 2891 453 2951 usus,
472 2871 509 2944 αὶ
531 2864 605 2946 ἀπὸ
629 2866 695 2946 τοῦ
716 2901 740 2944 α
763 2863 975 2974 ἀποφάσεις
984 2872 1009 2952 q,
1029 2864 1090 2940 ubi
1107 2863 1262 2963 privatio
1322 2957 1330 2971 ι

211 2983 290 3079 ipsa
306 2985 496 3080 figurative
521 3015 589 3086 pro
615 2989 687 3063 illis
711 2990 861 3086 ponitur
884 3015 966 3089 quae
991 3012 1071 3062 eam
1096 2979 1262 3080 proxime

209 3102 404 3198 attingant.
458 3105 488 3177 F
489 3108 649 3180 ormulas
675 3107 784 3180 hasce
809 3105 869 3180 alii
894 3132 916 3180 a
942 3103 1077 3180 Graecis
1103 3094 1260 3174 mutuat'

211 3229 309 3306 sunt,
339 3220 459 3294 Latini
489 3225 644 3319 parcius¹
698 3223 776 3298 Nos
807 3223 1001 3321 Anglicani
1030 3224 1068 3295 et
1096 3219 1262 3292 accurate

211 3341 248 3408 et
262 3337 455 3432 eleganter.
491 3339 669 3437 Exempla
682 3340 792 3413 habes
810 3341 908 3438 apud
922 3341 1214 3434 Shakespearum
1226 3339 1262 3402 et

213 3453 414 3528 Miltonum
432 3479 514 3554 quae
531 3456 601 3530 illis
614 3457 769 3531 Homeri
787 3467 823 3531 et
835 3457 1024 3555 Sophoclis
1042 3454 1101 3527 vix
1119 3451 1261 3525 cedant.

263 3568 356 3644 Sunt
379 3573 490 3645 etiam
508 3574 578 3646 alia
595 3575 772 3648 vocabula
792 3600 871 3672 quae
890 3570 1109 3648 Substantias
1125 3561 1262 3662 propri-

212 3691 347 3760 etatem
377 3689 475 3762 illam
510 3691 710 3786 exprimere
737 3690 908 3764 videntur
937 3689 1075 3785 quaet
1108 3683 1264 3754 formam

213 3809 251 3875 et
268 3804 507 3900 privationem
526 3805 662 3903 recipit.
716 3807 814 3880 Hinc
840 3805 951 3878 habes
969 3796 1262 3880 demonstrative,

214 3917 697 4028 Osirepov—Interrogative,
729 3917 1144 4025 morspec—Indefinite,
1175 3904 1264 3992 ὁπό-

251 4103 401 4164 ¹Ariatot
418 4105 563 4185 Metaplr„
577 4103 597 4166 l.
613 4105 633 4165 i.
649 4125 674 4166 c.
689 4127 718 4180 4.
800 4113 812 4138 ⁰
832 4101 909 4162 Ibid.
929 4101 994 4160 (Ea.
1013 4099 1080 4177 Tyr.

252 4178 356 4251 Ἕω
369 4183 387 4242 l.
401 4181 440 4243 vi.
799 4193 814 4234 r
834 4181 941 4261 Eurrp.
956 4179 1110 4247 Andrean,
1131 4194 1194 4251 ¹03·

251 4267 271 4292 ¹¹²
284 4263 404 4353 Saphar.
421 4261 520 4324 Elect.
803 4272 815 4312 t
836 4263 966 4324 aaaron
981 4257 1128 4338 Metapa,
1149 4253 1170 4316 l.
1185 4255 1222 4315 iv.
1238 4272 1264 4314 c.

252 4346 265 4370 '²
287 4338 363 4402 Ibrd.
377 4342 467 4420 Ajac.
763 4360 809 4400 22.

725 4464 750 4512 N
