3058 4908
445 3 517 108 's

415 128 437 164 rt

401 167 412 198 Ι

182 315 186 328 ’
246 335 316 442 s'
444 355 658 404 rnaanorro
677 356 960 406 onorata-sarar.
1165 347 1231 412 277

130 465 252 610 fiius
280 512 318 578 et
344 508 520 602 populum
551 507 791 594 Ithacensem,
822 533 896 580 non
927 507 1023 580 enim
1056 507 1161 580 facile
1191 519 1229 580 et

93 682 98 691 ,
120 611 128 627 ’
174 645 240 698 sua
257 633 386 718 sponte
405 625 619 696 resumenda
640 634 716 697 erat
739 625 865 698 inillis
883 624 1110 720 temporibus
1128 625 1226 718 regia

68 742 73 752 ’
173 739 387 826 authoritas
401 742 600 835 praesertim
613 741 710 838 apud
728 743 824 814 cives
838 749 940 814 tanta
958 767 1105 816 suorum
1123 741 1225 816 clade

9 868 19 916 t
174 855 414 951 perturbatos.
455 855 582 953 Itaque
600 864 741 953 patrem
758 857 913 931 Laerten
931 867 969 931 et
986 855 1102 933 socios
1121 884 1227 956 quos-

175 974 257 1045 dam
285 975 323 1044 in
349 972 525 1046 auxilinm
552 972 618 1045 sibi
646 975 809 1047 accersit.
863 975 1024 1048 Tandem
1051 975 1226 1049 Minervae

178 1115 248 1187 ope
265 1090 385 1161 omnia
402 1089 583 1162 sedantur.
1230 1071 1233 1082 ’

226 1206 270 1277 ln
289 1205 358 1279 hac
380 1206 491 1301 igitur
508 1206 598 1278 serie
615 1230 689 1279 non
707 1214 763 1279 est
781 1209 879 1304 quod
903 1207 1063 1304 requiras
1081 1208 1139 1279 vel
1155 1214 1224 1279 ter-

176 1322 316 1395 minum
345 1347 368 1394 a
398 1346 470 1418 quo
505 1323 628 1394 omnia
661 1334 757 1394 recte
792 1325 1000 1420 procedant,
1028 1325 1088 1395 vel
1121 1323 1227 1395 illum

174 1444 301 1511 contra
326 1439 455 1535 inquo
476 1440 521 1510 ad
546 1438 684 1512 exitum
707 1442 971 1535 perducantnr3
1004 1465 1121 1536 neque
1138 1433 1224 1512 ve'ro

174 1555 310 1628 interea
335 1555 564 1627 artificiosam
587 1580 703 1627 rerum
723 1563 942 1630 structuram
962 1583 1042 1653 quae
1063 1557 1225 1628 animum

174 1695 354 1758 arrectum
372 1683 502 1756 habeat
524 1690 561 1756 et
583 1669 940 1756 intentum—Adora
956 1692 1090 1758 vocant
1110 1685 1226 1759 Graeci

174 1834 342 1907 —neque
358 1834 444 1881 vero
470 1807 744 1904 explicationem
763 1811 821 1881 vel
839 1797 961 1880 Λύσιν
978 1835 1058 1907 quae
1082 1809 1223 1883 involu-

174 1934 250 2000 tam
276 1925 402 1999 seriem
427 1925 477 1997 ita
500 1925 668 2021 expediat
694 1937 738 1998 ut
760 1924 851 1998 nihil
876 1926 1149 1999 interminatum
1171 1952 1225 2000 re-

173 2045 337 2142 linquat3
365 2043 478 2115 habes
495 2048 532 2113 et
549 2067 741 2115 numerum
758 2043 918 2138 partium
932 2053 969 2117 et
987 2068 1047 2117 eas
1064 2044 1115 2116 ita
1131 2042 1226 2118 inter

174 2188 211 2237 se
246 2161 431 2257 colligatas
461 2170 505 2234 ut
539 2159 660 2232 divelli
693 2183 767 2231 non
801 2159 944 2255 possint
978 2161 1077 2232 salva
1110 2161 1224 2234 totius

177 2279 295 2375 operis
327 2276 545 2372 intefflitate.
599 2275 684 2348 Non
713 2275 803 2346 mihi
837 2276 874 2347 in
905 2276 1025 2352 animo
1056 2287 1111 2351 est
1141 2301 1223 2351 cum

176 2395 287 2468 Iliade
318 2391 492 2489 Odysseae
520 2391 679 2464 fabulam
713 2390 764 2464 ita
790 2391 950 2466 conferre
979 2399 1022 2466 ut
1049 2391 1133 2465 huic
1161 2403 1228 2470 aut,

174 2514 227 2584 illi
256 2510 415 2607 palmam
445 2508 633 2602 assignem.
686 2506 729 2578 ln
757 2517 910 2602 utraque
938 2531 1018 2580 eam
1049 2509 1224 2579 excellen-

175 2628 265 2703 tiam
281 2627 421 2724 reperio
440 2650 519 2721 quae
537 2629 751 2720 argumento
770 2646 836 2694 suo
855 2622 1058 2710 conveniat,
1073 2623 1111 2695 in
1128 2636 1226 2696 utra-

175 2785 246 2857 que
264 2770 398 2832 rectam
416 2763 525 2852 atque
542 2756 719 2850 integram
737 2739 1014 2823 σύστασιντῶν
1045 2741 1226 2846 πραγμά-

173 2915 259 2975 των,
287 2913 367 2985 quae
392 2892 551 2958 mentem
578 2883 774 2956 humanam
801 2886 921 2952 teneat
948 2891 986 2952 et
1013 2893 1227 2977 occupatam

175 2993 318 3092 lrabeat,
349 3005 388 3076 in
421 3004 534 3074 altera
568 3023 693 3072 severa
726 2995 841 3091 magis
875 3003 913 3068 et
941 2997 1159 3084 vehementi,
1188 2997 1226 3069 in
1338 2997 1341 3004 '

173 3125 287 3198 altera
298 3119 501 3193 remissiore
517 3115 731 3189 intentione.
768 3113 867 3185 Hinc
884 3119 927 3186 ut
945 3113 1227 3210 supradiximus

175 3243 293 3334 longae
321 3233 542 3320 Narrationi‚
569 3233 654 3305 hinc
684 3238 739 3304 tot
769 3230 948 3326 portentis
976 3255 1018 3303 ac
1052 3231 1225 3328 prodigiis

175 3343 278 3429 locus
312 3359 382 3438 est,
411 3374 529 3447 neque
563 3350 639 3422 haec
674 3359 749 3421 tam
783 3347 905 3420 Poetae
940 3349 1114 3442 figmenta
1148 3371 1226 3420 esse

173 3472 283 3546 oredo
314 3491 424 3566 quam
450 3475 657 3561 temporum
687 3465 766 3559 ejus
797 3464 986 3560 opiniones
1017 3470 1054 3535 et
1077 3461 1224 3556 judicia,

174 3612 285 3686 quam
310 3610 353 3659 ea
377 3608 458 3680 qnae
485 3594 564 3655 tum
589 3581 799 3676 longinquis
829 3579 1115 3676 profectionibus
1146 3603 1226 3674 pro-

174 3706 254 3803 pria
283 3727 361 3776 esse
390 3701 636 3774 credebantur.
691 3693 770 3769 lna·
788 3707 912 3769 autem
940 3694 1113 3788 Odysseae
1143 3718 1227 3788 pars

172 3819 352 3920 portentis
382 3816 537 3890 maxime
571 3814 679 3911 plena
712 3820 769 3886 est
800 3835 882 3908 quaa
919 3810 957 3882 in
991 3809 1227 3882 ennarrandis

172 3938 318 4034 Ulyssis
344 3935 523 4007 erroribus
547 3941 723 4003 versatur.
775 3929 841 4000 Est
868 3938 965 4000 certe
995 3933 1132 3997 naturae
1160 3925 1227 3998 hu-

174 4079 291 4128 manae
308 4052 514 4146 ubiounque
532 4047 636 4120 otiari
653 4049 760 4120 datur
777 4070 819 4118 ac
836 4043 1033 4141 praesertim
1052 4043 1091 4114 in
1105 4042 1225 4116 Scien-

172 4185 233 4259 tiae
256 4181 407 4281 penuria
430 4176 601 4276 prodigiis
626 4184 663 4249 et
689 4175 870 4248 miraculis
896 4199 935 4246 se
953 4161 1226 4246 oblectare—ria

173 4300 394 4406 θαυμαστὸν
417 4297 487 4400 ἡδύ
496 4301 648 4382 ¹-ade0
679 4314 722 4381 ut
751 4309 844 4381 hanc
876 4333 953 4380 rem
983 4331 1056 4379 non
1083 4283 1226 4381 tantum

451 4466 461 4493 ¹
481 4459 610 4516 strictae.
626 4457 717 4526 Poet,
734 4473 758 4514 c.
777 4475 815 4530 ²4
825 4481 836 4524 ;
857 4455 944 4512 later.
