3096 4886
556 298 770 349 rmunorrc
789 297 964 348 sructura.
1243 275 1287 339 29

233 448 331 547 quod
348 447 417 521 hae
434 450 651 543 tempestate
667 445 706 518 in
727 444 878 542 singulis
895 443 1102 519 civitatibus
1119 467 1177 517 res
1193 446 1286 540 pub-

230 567 317 640 licas
351 563 627 638 administrandi
660 589 756 638 nova
788 561 881 638 ratio
915 560 1081 636 invaluit.
1139 561 1286 636 Etenim

231 680 384 769 Graecia,
402 686 445 755 ut
461 680 563 778 prius
580 678 749 767 diximus,
764 677 966 776 antiquitus
976 677 1015 752 in
1028 701 1112 752 suas
1122 676 1285 774 regiones

229 799 299 873 fuit
316 799 527 888 distributa3
555 797 607 872 ita
622 808 666 871 ut
683 796 815 893 singuli
831 796 1087 893 cognationem
1103 796 1284 893 quandam

226 915 323 990 inter
352 938 390 988 se
420 918 667 1011 agnoscerent,
700 918 737 987 et
771 914 935 1010 ejusdem
962 910 1109 986 ditionis
1136 935 1176 986 se
1205 935 1284 985 esse

229 1031 439 1106 faterentur.
494 1030 567 1104 Sed
593 1029 758 1130 nondum
788 1035 890 1102 erant
924 1049 1136 1102 communes
1169 1024 1285 1102 totius

229 1146 386 1244 regionis
419 1147 666 1243 magistratus,
701 1169 818 1244 neque
860 1143 1067 1219 eommunis
1103 1142 1281 1220 Senatus:

232 1265 383 1360 singulae
400 1262 496 1337 enim
514 1261 678 1336 civitates
695 1260 732 1335 in
750 1285 836 1336 suos
853 1261 951 1334 viros
966 1262 1037 1347 vel,
1056 1268 1099 1333 nt
1117 1258 1284 1333 Graecum

227 1393 445 1467 vocabulum
462 1415 694 1489 usurpemus,
714 1380 853 1482 δήμους
869 1389 994 1464 divisae
1017 1399 1131 1463 erant.
1187 1387 1284 1462 Viris

229 1519 352 1583 autem
385 1508 463 1582 istis
497 1507 555 1582 sui
582 1505 733 1580 seorsim
767 1507 999 1601 magistratus
1032 1511 1145 1592 erant,
1177 1528 1283 1578 suum

228 1625 435 1712 concilium,
453 1647 520 1698 sua
537 1622 662 1720 religio
679 1633 715 1697 et
728 1622 970 1721 Prytaneum:
1000 1646 1156 1720 quorum
1173 1621 1282 1696 etiam

227 1742 506 1837 magistratuum
522 1764 565 1828 ea
582 1744 660 1814 erat
676 1740 879 1815 authoritas
899 1747 942 1815 ut
959 1763 1033 1814 non
1054 1745 1200 1814 tantum
1225 1763 1283 1813 res

227 1857 377 1932 minoris
409 1857 587 1931 momenti
616 1855 921 1945 administrarent,
950 1854 1014 1930 sed
1044 1856 1155 1930 etiam
1187 1855 1283 1929 bella

227 1974 452 2072 susciperent
462 1971 487 2046 ⁶.
540 1973 632 2048 Haec
655 1977 751 2047 certe
767 1972 912 2047 vivendi
929 1972 1020 2046 ratio
1038 1995 1113 2047 non
1135 1977 1282 2045 tantum

225 2089 399 2189 potentiae
416 2096 454 2164 et
470 2088 651 2187 splendori
667 2089 783 2163 totius
800 2091 937 2186 populi,
955 2088 1146 2164 sedetiam
1163 2087 1281 2162 cultui

226 2215 339 2307 atque
356 2206 572 2282 humanitati
589 2206 721 2281 offecit.
774 2205 872 2280 Hinc
888 2206 1099 2281 AEtclorum
1116 2204 1226 2278 etiam
1241 2203 1281 2276 in

225 2323 490 2400 florentissimis
508 2322 656 2396 Graeciae
672 2322 897 2420 temporibus
914 2323 1048 2397 ferocia
1059 2327 1094 2410 ⁸;
1122 2329 1280 2396 veterem

225 2453 322 2530 enirn
346 2451 494 2527 vivendi
518 2473 656 2525 morem
683 2441 778 2523 κατὰ
803 2439 927 2542 κώμας
950 2441 1184 2547 ἀτειχίστους
1207 2472 1281 2524 ser-

224 2571 369 2647 vabant.
422 2569 565 2643 Primus
593 2568 757 2642 omnium
782 2567 945 2642 Tbeseus
974 2565 1215 2641 Athenienses
1239 2567 1279 2638 in

223 2707 337 2762 unam
353 2686 480 2760 urbem
498 2686 628 2782 coegit,
647 2686 772 2759 eadem
784 2685 869 2782 jura
885 2693 923 2758 et
941 2685 1038 2778 leges
1055 2681 1127 2755 toti
1142 2681 1281 2778 populo

226 2803 336 2893 dedit,
354 2800 510 2876 eundem
534 2801 709 2876 Senatum
733 2812 769 2876 et
786 2801 933 2875 eosdem
951 2796 1182 2894 magistratus
1199 2820 1278 2871 om-

224 2919 333 2994 nibus
356 2919 565 3017 praeposuit,
590 2923 638 3006 et,
657 2924 701 2992 ut
725 2917 815 2992 nihil
840 2939 990 3016 prorsus
1016 2915 1156 2988 deesset
1182 2914 1280 3011 quod

225 3037 383 3112 adhunc
407 3060 485 3110 rem
501 3035 645 3124 faceret,
667 3036 794 3109 eadem
815 3033 987 3130 religione
1011 3029 1144 3106 arctius
1168 3053 1280 3129 quam

224 3155 326 3252 prius
340 3153 514 3228 devinxit.
555 3152 797 3226 Panathenaea
809 3150 946 3226 scilicet
956 3147 1126 3236 instituit,
1145 3148 1279 3226 festum

225 3271 391 3345 omnium
405 3267 686 3343 Atheniensium
703 3291 883 3343 concursu
900 3265 1156 3340 celebrandum
1164 3261 1183 3336 ¹.
1222 3263 1279 3337 Ex

224 3409 269 3459 eo
299 3387 411 3482 igitur
435 3395 597 3481 tempore
622 3383 756 3460 mirum
780 3385 819 3458 in
845 3384 996 3457 modum
1019 3382 1175 3456 Athenae
1201 3404 1279 3454 sese

224 3504 445 3579 extulerunt.
497 3503 554 3577 De
571 3501 708 3578 caeteris
725 3502 931 3576 civitatibus
949 3524 1006 3575 res
1018 3524 1094 3573 non
1111 3507 1276 3583 constat;

223 3621 290 3694 sed
312 3621 479 3694 credibile
505 3627 561 3694 est
583 3621 628 3695 ad
647 3620 875 3694 Athenarum
900 3617 1086 3714 exemplar
1110 3613 1209 3688 baud
1225 3611 1280 3685 ita

225 3761 357 3834 magno
374 3739 565 3812 intervallo
583 3761 622 3810 se
638 3738 896 3834 composuisse.

274 3849 462 3926 Hactenus
478 3849 589 3948 igitur
604 3851 703 3924 haud
720 3850 898 3924 absimiles
915 3845 1050 3942 ubique
1066 3865 1279 3940 progressus

263 4012 277 4052 ‘¹
292 4015 395 4086 lhos„
405 4015 425 4074 l.
438 4015 468 4074 ii.
481 4035 506 4076 c.
520 4019 628 4089 15:—“
641 4017 727 4075 Hane
818 4023 830 4052 ²
853 4011 956 4080 Phua,
969 4009 989 4068 l.
1002 4007 1043 4068 iii.
1060 4030 1085 4070 c.
1101 4033 1141 4084 9⁴·

222 4094 339 4155 vivendi
347 4095 493 4156 rationem
501 4095 655 4156 Homerus
663 4095 727 4175 ipsa
815 4094 823 4126 ¹
836 4091 965 4152 Plutia
979 4091 1039 4152 Vir.
1052 4090 1135 4154 [lhos.
1146 4110 1157 4158 ,·
1175 4085 1278 4154 Phua,

222 4172 347 4252 attingit
357 4195 408 4233 :—
778 4170 797 4231 l.
813 4171 844 4232 ii.
860 4191 885 4232 c.
905 4194 943 4246 ιε.

239 4253 319 4314 ’γαῖάν
329 4273 358 4304 τε
369 4253 428 4313 τεὴν
438 4251 512 4316 δῆμόν
523 4271 551 4302 τε
564 4251 635 4302 πόλιν
642 4251 686 4301 τέ)
695 4254 708 4274 ''

584 4323 627 4368 ΟΔ.
638 4323 657 4368 θ.
670 4331 724 4381 555.
