3058 4902
458 349 670 400 Pfflrscrro
692 351 951 401 necrus-norm.
1175 339 1240 403 329

236 499 536 597 Indignationem,
565 511 749 599 utcunque
774 501 1026 575 misericordiae
1051 525 1090 574 se
1115 525 1230 598 oppo-

184 623 262 705 nat,
280 617 444 714 ejusdem
467 623 592 690 tamen
617 640 695 691 esse
720 617 850 691 indolis
876 625 912 690 et
938 641 1101 714 personae
1122 615 1232 690 tradit

185 733 436 807 Aristotelesl’.
489 732 617 806 Oritur
633 758 678 806 ex
701 734 774 806 acri
795 758 917 807 rerum
934 735 1177 806 humanarum
1197 742 1233 806 et

183 848 337 945 publicae
354 846 520 922 utilitatis
538 872 659 936 sensu,
679 848 793 946 siquis
819 850 990 946 indignus
1017 873 1148 944 magna
1165 849 1236 922 for·

185 973 277 1038 tuns
309 975 347 1039 et
379 966 463 1039 laeto
497 988 618 1037 rerum
650 988 820 1040 successu
849 966 1001 1053 fruatur,
1032 966 1091 1038 vel
1120 963 1233 1062 siquis
1364 953 1366 958 ¹

186 1083 339 1178 superbe
360 1080 428 1155 sibi
452 1087 594 1175 arroget
618 1105 661 1154 ea
678 1105 759 1178 quae
783 1083 891 1177 longe
917 1087 1131 1178 exsuperant
1157 1081 1235 1176 ejus

187 1197 432 1271 conditionem
462 1202 500 1268 et
529 1195 675 1269 merita:
708 1196 872 1292 agnoscit
901 1197 1107 1293 frequenter
1136 1197 1235 1271 hunc

186 1313 356 1386 affectum
394 1312 505 1386 animi
544 1309 728 1386 Homerus
766 1315 854 1386 dum
893 1313 1077 1422 vocabulis
1116 1315 1234 1387 utitur

187 1431 347 1532 νέμεσις,
379 1428 598 1532 νεμεσητὸν,
630 1430 868 1534 νεμεσίζομαι
898 1465 978 1537 quae
1009 1441 1130 1515 omniu
1160 1442 1233 1516 huc

186 1556 308 1630 referri
326 1563 491 1653 possunt.
657 1643 662 1658 ¹

235 1673 366 1747 Affinis
396 1673 482 1746 huic
509 1672 562 1745 rei
590 1683 645 1746 est
674 1673 877 1748 AEmulatio
907 1699 989 1772 quae
1016 1699 1060 1748 en
1094 1675 1235 1772 magnis

186 1790 367 1863 beneficiis
391 1799 429 1863 et
454 1790 546 1863 reris
571 1789 755 1864 laboribus
783 1790 850 1864 sibi
875 1792 998 1864 locum
1023 1801 1060 1866 et
1084 1793 1237 1888 gradum

187 1905 323 2004 quaerit.
377 1907 467 1980 Haec
496 1906 533 1978 in
561 1906 711 2003 singulis
738 1909 811 1981 fere
840 1907 1004 2006 personis
1032 1907 1238 1984 Homericis

188 2023 422 2121 conspicitur,
451 2029 489 2096 et
514 2034 701 2119 utcunque
734 2023 852 2121 specie
886 2025 1062 2122 discrepet
1097 2049 1240 2122 semper

90 2167 97 2182 ·
188 2161 310 2227 tamen
338 2177 380 2227 ea
405 2162 610 2251 aucupatur
636 2180 714 2252 quae
740 2155 786 2227 ad
813 2155 989 2230 honorem
1015 2155 1166 2241 faciunt,
1194 2142 1241 2225 roi

190 2269 317 2372 ἔντιμα
333 2271 493 2375 maddi,
512 2307 576 2358 seu
594 2285 784 2382 imperium
802 2284 869 2358 sibi
889 2295 1032 2380 arroget
1044 2282 1240 2379 Agamem-

191 2418 277 2486 non,
304 2421 369 2471 seu
395 2399 547 2494 gloriam
574 2399 747 2488 Achilles,
775 2425 840 2473 seu
866 2399 1067 2496 prudentiae
1094 2399 1240 2472 laudem

190 2511 352 2610 Ulysses,
377 2539 443 2588 seu
467 2515 651 2612 sapientiae
676 2517 785 2611 longo
811 2539 881 2588 usu
907 2521 1123 2610 comparatae
1146 2514 1239 2588 Nes·

192 2640 260 2718 tor,
275 2655 338 2705 seu
356 2631 548 2706 militarem
566 2632 735 2706 virtutem
745 2631 949 2705 Diomedes.
994 2630 1097 2703 ldem
1114 2655 1240 2706 omnes

191 2749 296 2823 ardor
321 2755 431 2846 atque
459 2751 620 2824 honestae
648 2749 763 2824 laudis
791 2773 893 2823 amor
919 2748 1005 2844 agit,
1028 2747 1147 2844 specie
1174 2772 1241 2844 pro
1306 2833 1308 2842 y

190 2891 258 2941 sua
274 2870 450 2966 cujusque
466 2891 620 2964 persona
637 2867 811 2941 diversus.

240 2983 463 3057 Intellexisse
480 2983 590 3081 igitur
606 2983 807 3057 Homerum
826 2983 923 3057 unde
940 2981 979 3055 hi
1001 2982 1151 3054 affectus
1171 2980 1239 3055 ori-

188 3099 310 3196 ginem
327 3101 478 3189 ducunt,
498 3105 535 3173 et
552 3126 624 3198 qua
644 3099 702 3175 via
719 3111 756 3174 et
776 3102 885 3174 modo
903 3101 1066 3174 animum
1085 3104 1240 3205 tangunt

189 3222 227 3289 et
252 3215 397 3313 rapiunt
421 3219 509 3290 satis
535 3226 701 3291 constare
726 3217 891 3291 arbitror.
944 3216 1004 3288 Ad
1021 3212 1177 3287 Ethicen
1203 3222 1240 3286 et

188 3333 235 3404 ad
252 3332 469 3407 Rhetoricen
485 3331 691 3407 Aristotelis
713 3341 887 3432 tanquam
912 3335 958 3407 ad
984 3328 1158 3404 amussim
1183 3353 1239 3400 re-

189 3449 315 3524 vocavi
340 3450 462 3525 omnia
482 3453 594 3548 (apud
619 3451 709 3525 alios
734 3451 832 3526 enim
856 3449 1028 3523 authores
1054 3444 1116 3518 vix
1142 3443 1239 3539 quic-

190 3589 299 3662 quam
325 3566 463 3664 reperio
489 3568 587 3664 quod
614 3591 725 3640 exre
754 3573 878 3640 nostra
907 3564 1003 3652 siet),
1031 3559 1129 3657 apud
1156 3583 1239 3632 eum

190 3681 300 3756 habes
336 3684 472 3758 nudam
500 3707 623 3758 earum
654 3708 774 3759 rerum
812 3681 1001 3755 scientiam
1028 3699 1109 3771 quae
1141 3675 1239 3771 apud

190 3797 394 3872 Homerum
421 3799 596 3899 exemplis
626 3801 849 3875 exhibentur.
903 3793 1024 3892 Siquis
1054 3793 1131 3864 haec
1160 3792 1239 3886 ipsa

190 3938 319 4012 magna
343 3941 387 3989 ex
412 3926 514 4014 parte
540 3919 585 3991 ab
603 3917 764 3991 Homero
791 3917 982 4009 desumpta
1007 3933 1084 3983 esse
1108 3905 1240 3979 dixerit

189 4055 264 4105 non
288 4030 426 4106 inficias
443 4058 499 4124 eo,
518 4036 582 4109 sed
608 4059 692 4108 cum
710 4035 784 4108 vita
800 4021 963 4104 humana¹
986 4033 1023 4101 et
1048 4022 1160 4099 animi
1185 4022 1239 4095 in-

189 4149 271 4223 dole
297 4147 434 4245 optime
461 4151 636 4248 quadrare
666 4147 927 4224 affirmaverim.
982 4143 1068 4217 Non
1097 4139 1136 4211 in
1164 4162 1238 4212 uno

261 4343 275 4386 Ρ
295 4334 396 4408 Rhea,
409 4335 429 4397 l.
443 4335 474 4396 ii.
490 4356 515 4398 c.
535 4357 580 4398 11.
861 4345 873 4377 ‘¹
894 4333 1060 4410 Ibid.,1.ii.
1076 4351 1101 4395 c.
1120 4351 1166 4409 1³·
