3096 4886
280 267 304 328 4
497 287 710 340 rantnmro
729 283 848 336 emur
873 281 1131 334 rnrcocnrrrs

279 443 446 512 versetur
469 435 631 510 scientia.
683 434 846 531 Dempto
866 431 977 530 igitur
992 427 1197 521 universali,
1216 423 1337 499 omnis

246 549 251 558 ¹
280 559 511 656 philosophia
526 558 632 632 cadat
647 580 793 631 necesse
809 563 887 647 est,
915 547 1032 632 ἐὰνδὲ
1050 545 1093 630 τὸ
1108 543 1272 628 καθόλου
1284 539 1336 644 μὴ

279 670 304 783 ᾗ
324 675 367 758 τὸ
385 678 507 778 μέσον
523 679 591 758 οὐκ
609 676 732 771 ἔσται,
751 669 843 757 ὥστ’
860 675 940 757 οὐδ’
959 673 1148 780 ἀπόδειξις
1158 691 1182 754 “.
1224 680 1337 766 Quod

281 803 314 877 si
342 809 426 892 stet,
445 828 621 901 quorsum
646 801 828 899 pertineat
852 804 963 876 unius
987 801 1161 897 trianguli
1184 799 1337 872 affectus

281 921 542 1008 demonstrare,
559 921 619 993 vel
640 919 750 994 unius
774 919 932 993 hominis
955 919 1116 993 officium
1139 917 1335 1012 designare.

282 1036 656 1110 Animadvertendum
680 1043 805 1110 autem
830 1041 898 1124 est,
924 1035 1120 1132 singularia
1144 1055 1223 1106 csse
1256 1055 1338 1128 quae

282 1154 418 1227 nostris
434 1153 599 1227 sensibus
610 1153 843 1250 objiciuntur,
858 1158 897 1226 et
912 1153 1002 1226 adeo
1019 1177 1065 1226 ex
1078 1149 1209 1248 quibus
1219 1147 1338 1221 omnis

282 1275 409 1343 nostra
428 1268 587 1366 cognitio
603 1268 749 1343 initium
766 1268 900 1356 sumit;
927 1269 1025 1342 unde
1047 1267 1187 1339 factum
1209 1269 1277 1350 est,
1295 1269 1339 1335 ut

282 1385 330 1458 ad
359 1385 589 1460 Universalia
620 1411 697 1459 non
729 1384 800 1458 nisi
833 1385 1010 1481 paulatim
1043 1381 1337 1480 progrediamur;

283 1509 359 1587 τῶν
390 1504 465 1611 γὰρ
499 1503 585 1586 καθ’
616 1507 778 1586 ἕκαστον
804 1505 827 1604 ἡ
858 1505 1037 1604 αἴσθησις
1047 1499 1074 1582 “’.
1135 1509 1337 1608 Singularia

283 1631 396 1727 igitur
421 1633 502 1720 ista,
529 1656 687 1729 quorum
716 1654 891 1703 sensuum
916 1654 985 1726 ope
1011 1627 1198 1703 notionem
1224 1651 1337 1724 quan-

283 1748 367 1822 dam
384 1753 422 1821 et
439 1753 659 1844 conceptum
674 1747 714 1820 in
731 1747 854 1820 animo
871 1747 1059 1834 habemus,
1071 1746 1340 1841 contemplatur

282 1874 321 1938 et
337 1863 433 1937 inter
445 1887 484 1939 se
496 1863 694 1939 committit
707 1864 912 1937 intellectus
925 1863 1129 1936 humanus:
1159 1860 1340 1959 dignoscit
1378 1855 1387 1878 '

283 2003 406 2076 porro,
424 1981 463 2054 vi
488 1979 645 2078 quadam
665 1980 821 2077 propria,
840 2004 1074 2054 communem
1097 1980 1279 2077 quandam
1301 1977 1340 2052 in

284 2096 410 2171 multis
436 2107 617 2186 naturam,
645 2121 726 2194 quae
751 2097 851 2169 omni
877 2097 1104 2192 singulorum
1131 2095 1341 2170 differentiae

284 2222 469 2311 superstes
486 2213 544 2304 sit,
562 2224 600 2288 et
617 2213 702 2287 hinc
719 2213 788 2288 sibi
804 2213 1037 2288 Universales
1053 2237 1175 2287 rerum
1187 2237 1341 2311 concep·

285 2341 348 2406 tus
365 2330 470 2428 lingit
490 2340 528 2405 et
553 2336 664 2418 creat,
683 2355 776 2428 quos
802 2331 877 2404 suis
903 2330 1110 2404 nominibus
1134 2329 1342 2426 designatos

286 2447 326 2520 in
351 2449 485 2522 classes
519 2449 695 2546 quasdam
728 2453 905 2545 tanquam
933 2446 1173 2545 philosophiae
1205 2470 1343 2544 penum

287 2561 484 2651 distribuit,
503 2563 601 2635 unde
620 2561 660 2634 in
686 2559 929 2635 scientiarum
953 2585 1063 2636 usum
1085 2561 1189 2635 facile
1214 2560 1343 2658 depro-

287 2687 457 2753 mantur:
484 2679 563 2753 haeo
574 2689 699 2752 autem
716 2679 840 2752 omnia
857 2677 990 2752 sensim
1007 2683 1154 2753 tantum
1170 2685 1208 2752 et
1224 2680 1343 2753 minu·

287 2796 395 2868 tatim
422 2795 639 2893 assequitur,
669 2799 714 2867 ut
740 2793 914 2866 nimirum
941 2817 964 2867 a
993 2794 1229 2890 singularium
1259 2818 1344 2868 con·

288 2914 524 3008 temptatione
548 2911 763 2986 Universale
785 2911 969 3008 quoddam
994 2913 1120 3008 fingat,
1148 2913 1247 3011 quod
1271 2912 1344 2986 sin·

163 3051 167 3060 ·
287 3027 427 3124 gularia
452 3027 526 3101 duo
550 3029 609 3100 vel
634 3030 739 3124 plura
763 3030 1049 3126 complectatur,
1075 3053 1202 3104 rursus
1225 3029 1345 3103 istius-

289 3143 390 3218 modi
415 3143 644 3218 Universalia
672 3143 766 3216 inter
796 3168 835 3218 se
869 3145 1114 3234 committens,
1145 3145 1249 3243 fingit
1278 3145 1346 3220 sibi

289 3259 440 3358 aliquod
455 3259 571 3357 magis
587 3259 809 3349 Universale,
829 3261 928 3358 quod
944 3262 1021 3336 haec
1038 3261 1148 3335 etiam
1169 3263 1347 3359 complec-

288 3381 411 3462 latim
437 3379 509 3465 vel,
528 3383 572 3451 ut
588 3377 792 3452 notioribus
814 3378 986 3475 loquendi
1001 3378 1168 3454 formulis
1184 3385 1346 3467 utamur,

290 3493 337 3566 ab
352 3493 542 3569 individuo
561 3494 608 3567 ad
630 3495 799 3591 speciem,
818 3517 840 3568 a
860 3494 978 3593 specie
1003 3496 1051 3569 ad
1071 3520 1197 3593 genus,
1219 3497 1264 3570 ab
1292 3495 1347 3569 in·

290 3611 380 3684 fimo
405 3634 536 3708 genere
562 3611 727 3686 adalind
749 3611 917 3708 superius
940 3610 1116 3709 adsurgit,
1136 3614 1252 3687 donec
1268 3620 1347 3686 tan·

292 3727 376 3801 dem
392 3729 437 3801 ad
458 3727 550 3803 illud
573 3729 672 3826 quod
688 3729 846 3803 maxime
862 3735 919 3803 est
935 3729 1145 3805 Universale
1160 3729 1348 3804 evehatur.

292 3841 393 3917 Hinc
417 3850 543 3920 autem
567 3846 707 3920 factum
731 3853 800 3932 cst,
827 3849 871 3918 ut
896 3845 942 3918 ad
967 3846 1156 3920 scientiam
1189 3847 1351 3944 aliquam

292 3958 551 4034 absolvendam
576 3963 658 4036 duae
690 3987 748 4035 res
780 3960 1022 4058 requirantur,
1049 3961 1121 4036 viz.
1147 3962 1350 4036 Methodus

292 4075 486 4174 Analytica
511 4086 551 4151 et
576 4077 812 4176 Synthetica;
839 4102 971 4177 nempe
994 4085 1039 4154 ut
1062 4103 1148 4154 vera
1172 4077 1351 4177 principia

375 4317 386 4342 ¹
404 4299 533 4362 Aderat.
545 4299 670 4382 Amlpt.
684 4301 810 4372 Pastor„
823 4301 843 4360 l.
862 4327 885 4363 ι.
899 4320 922 4360 o.
937 4323 961 4376 ς.
1116 4297 1130 4339 ⁵
1151 4299 1208 4368 Ib.‚
1225 4323 1267 4372 ¹4·
